<?xml version="1.0" encoding="UTF-8"?>
<OAI-PMH xmlns="http://www.openarchives.org/OAI/2.0/" xmlns:xsi="http://www.w3.org/2001/XMLSchema-instance" xsi:schemaLocation="http://www.openarchives.org/OAI/2.0/                                       http://www.openarchives.org/OAI/2.0/OAI-PMH.xsd                        http://www.extensiblecatalog.org/xsd/mst/1.0                                       http://www.extensiblecatalog.org/doc/MST/xsd/mst.xsd">
  <responseDate>2012-01-27T09:16:59Z</responseDate>
  <request verb="ListRecords" metadataPrefix="marc21">http://localhost:8080/MetadataServicesToolkit/pub/marcnormalization/oaiRepository</request>
  <ListRecords>
    <record>
      <header>
        <identifier>oai:mst.rochester.edu:MetadataServicesToolkit/marcnormalization/29</identifier>
        <datestamp>2012-01-27T15:16:08Z</datestamp>
        <setSpec>MARCXMLbibliographic</setSpec>
      </header>
      <metadata>
        <marc:record xmlns:marc="http://www.loc.gov/MARC21/slim" xmlns:xsi="http://www.w3.org/2001/XMLSchema-instance" xsi:schemaLocation="http://www.loc.gov/MARC21/slim http://localhost:8080/OAIToolkit/schema/MARC21slim_custom.xsd">
          <marc:leader>02879pam a22004214a 4500</marc:leader>
          <marc:controlfield tag="001">2727551</marc:controlfield>
          <marc:controlfield tag="005">20110722135548.0</marc:controlfield>
          <marc:controlfield tag="008">050106s2004    ilu      b    001 0 eng  </marc:controlfield>
          <marc:controlfield tag="003">UIUdb</marc:controlfield>
          <marc:datafield ind1=" " ind2=" " tag="010">
            <marc:subfield code="a">  2004015133</marc:subfield>
          </marc:datafield>
          <marc:datafield ind1=" " ind2=" " tag="020">
            <marc:subfield code="a">0812694554</marc:subfield>
          </marc:datafield>
          <marc:datafield ind1=" " ind2=" " tag="035">
            <marc:subfield code="a">2727551</marc:subfield>
          </marc:datafield>
          <marc:datafield ind1=" " ind2=" " tag="040">
            <marc:subfield code="a">DLC</marc:subfield>
            <marc:subfield code="c">DLC</marc:subfield>
            <marc:subfield code="d">YDX</marc:subfield>
            <marc:subfield code="d">OrPss</marc:subfield>
          </marc:datafield>
          <marc:datafield ind1=" " ind2=" " tag="042">
            <marc:subfield code="a">pcc</marc:subfield>
          </marc:datafield>
          <marc:datafield ind1=" " ind2=" " tag="043">
            <marc:subfield code="a">e-uk---</marc:subfield>
          </marc:datafield>
          <marc:datafield ind1=" " ind2=" " tag="049">
            <marc:subfield code="a">RRRR</marc:subfield>
          </marc:datafield>
          <marc:datafield ind1="0" ind2="0" tag="050">
            <marc:subfield code="a">PR6068.O93</marc:subfield>
            <marc:subfield code="b">Z69 2004</marc:subfield>
          </marc:datafield>
          <marc:datafield ind1="0" ind2="0" tag="082">
            <marc:subfield code="a">823/.914</marc:subfield>
            <marc:subfield code="2">22</marc:subfield>
          </marc:datafield>
          <marc:datafield ind1="0" ind2="0" tag="245">
            <marc:subfield code="a">Harry Potter and philosophy :</marc:subfield>
            <marc:subfield code="b">if Aristotle ran Hogwarts /</marc:subfield>
            <marc:subfield code="c">edited by David Baggett and Shawn E. Klein.</marc:subfield>
          </marc:datafield>
          <marc:datafield ind1=" " ind2=" " tag="260">
            <marc:subfield code="a">Chicago, Ill. :</marc:subfield>
            <marc:subfield code="b">Open Court,</marc:subfield>
            <marc:subfield code="c">c2004.</marc:subfield>
          </marc:datafield>
          <marc:datafield ind1=" " ind2=" " tag="300">
            <marc:subfield code="a">x, 243 p. ;</marc:subfield>
            <marc:subfield code="c">23 cm.</marc:subfield>
          </marc:datafield>
          <marc:datafield ind1="1" ind2=" " tag="490">
            <marc:subfield code="a">Popular culture and philosophy ;</marc:subfield>
            <marc:subfield code="v">v. 9</marc:subfield>
          </marc:datafield>
          <marc:datafield ind1=" " ind2=" " tag="504">
            <marc:subfield code="a">Includes bibliographical references and index.</marc:subfield>
          </marc:datafield>
          <marc:datafield ind1="0" ind2="0" tag="505">
            <marc:subfield code="t">The Magic of Philosophy --</marc:subfield>
            <marc:subfield code="t">Gryffindor: The Characters of Harry's World --</marc:subfield>
            <marc:subfield code="t">The Courageous Harry Potter /</marc:subfield>
            <marc:subfield code="r">Tom Morris --</marc:subfield>
            <marc:subfield code="t">Dursley Duplicity: The Morality and Psychology of Self-Deception /</marc:subfield>
            <marc:subfield code="r">Diana Mertz Hsieh --</marc:subfield>
            <marc:subfield code="t">Voldemort's Agents, Malfoy's Cronies, and Hagrid's Chums: Friendship in Harry Potter /</marc:subfield>
            <marc:subfield code="r">Harald Thorsrud --</marc:subfield>
            <marc:subfield code="t">Feminism and Equal Opportunity: Hermione and the Women of Hogwarts /</marc:subfield>
            <marc:subfield code="r">Mimi Gladstein --</marc:subfield>
            <marc:subfield code="t">Hufflepuff: Morality in Rowling's Universe --</marc:subfield>
            <marc:subfield code="t">Heaven, Hell, and Harry Potter /</marc:subfield>
            <marc:subfield code="r">Jerry Walls --</marc:subfield>
            <marc:subfield code="t">Magic, Science, and the Ethics of Technology /</marc:subfield>
            <marc:subfield code="r">Benjamin J. Bruxvoort Lipscomb, W. Christopher Stewart --</marc:subfield>
            <marc:subfield code="t">The Mirror of Erised: Why We Should Heed Dumbledore's Warning /</marc:subfield>
            <marc:subfield code="r">Shawn Klein --</marc:subfield>
            <marc:subfield code="t">Kreacher's Lament: S.P.E.W. as a Parable on Discrimination, Indifference, and Social Justice /</marc:subfield>
            <marc:subfield code="r">Steven W. Patterson --</marc:subfield>
            <marc:subfield code="t">Slytherin: Knockturn Alley, and the Dark Arts --</marc:subfield>
            <marc:subfield code="t">Is Ambition a Virtue? Why Slytherin Belongs at Hogwarts /</marc:subfield>
            <marc:subfield code="r">Steven W. Patterson --</marc:subfield>
            <marc:subfield code="t">A Skewed Reflection: The Nature of Evil /</marc:subfield>
            <marc:subfield code="r">David, Catherine Deavel --</marc:subfield>
            <marc:subfield code="t">Voldemort, Boethius, and the Destructive Effects of Evil /</marc:subfield>
            <marc:subfield code="r">Jennifer Hart Weed --</marc:subfield>
            <marc:subfield code="t">Magic, Muggles, and Moral Imagination /</marc:subfield>
            <marc:subfield code="r">David Baggett --</marc:subfield>
            <marc:subfield code="t">Ravenclaw: Many-Flavored Topics in Metaphysics --</marc:subfield>
            <marc:subfield code="t">Finding Platform 9?: The Idea of a Different Reality /</marc:subfield>
            <marc:subfield code="r">Gareth B. Matthews --</marc:subfield>
            <marc:subfield code="t">Space, Time, and Magic /</marc:subfield>
            <marc:subfield code="r">Michael Silberstein --</marc:subfield>
            <marc:subfield code="t">Why Voldemort Won't Just Die Already: What Wizards Can Teach Us about Personal Identity /</marc:subfield>
            <marc:subfield code="r">Jason Eberl --</marc:subfield>
            <marc:subfield code="t">The Prophecy-Driven Life: Foreknowledge and Freedom at Hogwarts /</marc:subfield>
            <marc:subfield code="r">Gregory Bassham.</marc:subfield>
          </marc:datafield>
          <marc:datafield ind1="1" ind2="0" tag="600">
            <marc:subfield code="a">Rowling, J. K.</marc:subfield>
            <marc:subfield code="x">Philosophy.</marc:subfield>
          </marc:datafield>
          <marc:datafield ind1="1" ind2="0" tag="600">
            <marc:subfield code="a">Rowling, J. K.</marc:subfield>
            <marc:subfield code="x">Characters</marc:subfield>
            <marc:subfield code="x">Harry Potter.</marc:subfield>
          </marc:datafield>
          <marc:datafield ind1=" " ind2="0" tag="650">
            <marc:subfield code="a">Children's stories, English</marc:subfield>
            <marc:subfield code="x">History and criticism.</marc:subfield>
          </marc:datafield>
          <marc:datafield ind1=" " ind2="0" tag="650">
            <marc:subfield code="a">Fantasy fiction, English</marc:subfield>
            <marc:subfield code="x">History and criticism.</marc:subfield>
          </marc:datafield>
          <marc:datafield ind1=" " ind2="0" tag="650">
            <marc:subfield code="a">Potter, Harry (Fictitious character)</marc:subfield>
          </marc:datafield>
          <marc:datafield ind1=" " ind2="0" tag="650">
            <marc:subfield code="a">Philosophy in literature.</marc:subfield>
          </marc:datafield>
          <marc:datafield ind1="1" ind2=" " tag="700">
            <marc:subfield code="a">Baggett, David.</marc:subfield>
          </marc:datafield>
          <marc:datafield ind1="1" ind2=" " tag="700">
            <marc:subfield code="a">Klein, Shawn.</marc:subfield>
          </marc:datafield>
          <marc:datafield ind1=" " ind2="0" tag="830">
            <marc:subfield code="a">Popular culture and philosophy ;</marc:subfield>
            <marc:subfield code="v">v. 9.</marc:subfield>
          </marc:datafield>
          <marc:datafield ind1=" " ind2=" " tag="905">
            <marc:subfield code="a">TP20050304</marc:subfield>
          </marc:datafield>
          <marc:datafield ind1=" " ind2=" " tag="949">
            <marc:subfield code="b">39087027243163</marc:subfield>
          </marc:datafield>
          <marc:datafield ind1=" " ind2=" " tag="980">
            <marc:subfield code="a">2005-01-19</marc:subfield>
            <marc:subfield code="b">17.95</marc:subfield>
            <marc:subfield code="e">15.08</marc:subfield>
            <marc:subfield code="f">523803</marc:subfield>
            <marc:subfield code="g">1</marc:subfield>
          </marc:datafield>
          <marc:datafield ind1=" " ind2=" " tag="994">
            <marc:subfield code="a">92</marc:subfield>
            <marc:subfield code="b">RRR</marc:subfield>
          </marc:datafield>
          <marc:datafield tag="931" ind1=" " ind2=" ">
            <marc:subfield code="a">Text</marc:subfield>
            <marc:subfield code="5">UIUdb</marc:subfield>
          </marc:datafield>
          <marc:datafield tag="932" ind1=" " ind2=" ">
            <marc:subfield code="a">Language material</marc:subfield>
            <marc:subfield code="5">UIUdb</marc:subfield>
          </marc:datafield>
          <marc:datafield tag="933" ind1=" " ind2=" ">
            <marc:subfield code="a">Text</marc:subfield>
            <marc:subfield code="5">UIUdb</marc:subfield>
          </marc:datafield>
          <marc:datafield tag="935" ind1=" " ind2=" ">
            <marc:subfield code="a">Monograph/Item</marc:subfield>
            <marc:subfield code="5">UIUdb</marc:subfield>
          </marc:datafield>
          <marc:datafield tag="937" ind1=" " ind2=" ">
            <marc:subfield code="a">Non-Fiction</marc:subfield>
            <marc:subfield code="5">UIUdb</marc:subfield>
          </marc:datafield>
          <marc:datafield tag="941" ind1=" " ind2=" ">
            <marc:subfield code="a">eng</marc:subfield>
            <marc:subfield code="5">UIUdb</marc:subfield>
          </marc:datafield>
          <marc:datafield tag="943" ind1=" " ind2=" ">
            <marc:subfield code="a">English</marc:subfield>
            <marc:subfield code="5">UIUdb</marc:subfield>
          </marc:datafield>
          <marc:datafield tag="947" ind1=" " ind2=" ">
            <marc:subfield code="a">0812694554</marc:subfield>
            <marc:subfield code="5">UIUdb</marc:subfield>
          </marc:datafield>
          <marc:datafield tag="035" ind1=" " ind2=" ">
            <marc:subfield code="a">(UIUdb)2727551</marc:subfield>
          </marc:datafield>
          <marc:datafield tag="130" ind1="0" ind2=" ">
            <marc:subfield code="a">Harry Potter and philosophy :</marc:subfield>
          </marc:datafield>
          <marc:datafield tag="965" ind1="1" ind2="0">
            <marc:subfield code="a">Rowling, J. K.</marc:subfield>
            <marc:subfield code="5">UIUdb</marc:subfield>
          </marc:datafield>
          <marc:datafield tag="965" ind1=" " ind2="0">
            <marc:subfield code="a">Children's stories, English</marc:subfield>
            <marc:subfield code="5">UIUdb</marc:subfield>
          </marc:datafield>
          <marc:datafield tag="965" ind1=" " ind2="0">
            <marc:subfield code="a">Fantasy fiction, English</marc:subfield>
            <marc:subfield code="5">UIUdb</marc:subfield>
          </marc:datafield>
          <marc:datafield tag="965" ind1="1" ind2="0">
            <marc:subfield code="x">Philosophy.</marc:subfield>
            <marc:subfield code="5">UIUdb</marc:subfield>
          </marc:datafield>
          <marc:datafield tag="965" ind1="1" ind2="0">
            <marc:subfield code="x">Characters</marc:subfield>
            <marc:subfield code="5">UIUdb</marc:subfield>
          </marc:datafield>
          <marc:datafield tag="965" ind1="1" ind2="0">
            <marc:subfield code="x">Harry Potter.</marc:subfield>
            <marc:subfield code="5">UIUdb</marc:subfield>
          </marc:datafield>
          <marc:datafield tag="965" ind1=" " ind2="0">
            <marc:subfield code="x">History and criticism.</marc:subfield>
            <marc:subfield code="5">UIUdb</marc:subfield>
          </marc:datafield>
        </marc:record>
      </metadata>
    </record>