
    <record>
      <header>
        <identifier>oai:mst.rochester.edu:MetadataServicesToolkit/marcnormalization/31</identifier>
        <datestamp>2012-01-27T15:16:08Z</datestamp>
        <setSpec>MARCXMLbibliographic</setSpec>
      </header>
      <metadata>
        <marc:record xmlns:marc="http://www.loc.gov/MARC21/slim" xmlns:xsi="http://www.w3.org/2001/XMLSchema-instance" xsi:schemaLocation="http://www.loc.gov/MARC21/slim http://localhost:8080/OAIToolkit/schema/MARC21slim_custom.xsd">
          <marc:leader>03135cam a2200553 a 4500</marc:leader>
          <marc:controlfield tag="001">4169623</marc:controlfield>
          <marc:controlfield tag="005">20100128121411.0</marc:controlfield>
          <marc:controlfield tag="008">070322s2007    nyua   j      000 1 eng  </marc:controlfield>
          <marc:controlfield tag="003">UIUdb</marc:controlfield>
          <marc:datafield ind1=" " ind2=" " tag="010">
            <marc:subfield code="a">  2007925449</marc:subfield>
          </marc:datafield>
          <marc:datafield ind1=" " ind2=" " tag="019">
            <marc:subfield code="a">85443494</marc:subfield>
            <marc:subfield code="a">156991613</marc:subfield>
            <marc:subfield code="a">212737958</marc:subfield>
          </marc:datafield>
          <marc:datafield ind1=" " ind2=" " tag="020">
            <marc:subfield code="a">9780545010221</marc:subfield>
          </marc:datafield>
          <marc:datafield ind1=" " ind2=" " tag="020">
            <marc:subfield code="a">9780545029360</marc:subfield>
          </marc:datafield>
          <marc:datafield ind1=" " ind2=" " tag="020">
            <marc:subfield code="a">0545029368</marc:subfield>
          </marc:datafield>
          <marc:datafield ind1=" " ind2=" " tag="020">
            <marc:subfield code="a">9780545029377 (deluxe ed.)</marc:subfield>
          </marc:datafield>
          <marc:datafield ind1=" " ind2=" " tag="020">
            <marc:subfield code="a">0545029376 (deluxe ed.)</marc:subfield>
          </marc:datafield>
          <marc:datafield ind1="1" ind2=" " tag="029">
            <marc:subfield code="a">AU@</marc:subfield>
            <marc:subfield code="b">000042057812</marc:subfield>
          </marc:datafield>
          <marc:datafield ind1="1" ind2=" " tag="029">
            <marc:subfield code="a">NZ1</marc:subfield>
            <marc:subfield code="b">11497587</marc:subfield>
          </marc:datafield>
          <marc:datafield ind1="1" ind2=" " tag="029">
            <marc:subfield code="a">AU@</marc:subfield>
            <marc:subfield code="b">000042796015</marc:subfield>
          </marc:datafield>
          <marc:datafield ind1=" " ind2=" " tag="035">
            <marc:subfield code="a">(OCoLC)155131850</marc:subfield>
          </marc:datafield>
          <marc:datafield ind1=" " ind2=" " tag="040">
            <marc:subfield code="a">DLC</marc:subfield>
            <marc:subfield code="c">DLC</marc:subfield>
            <marc:subfield code="d">DOV</marc:subfield>
            <marc:subfield code="d">ZPX</marc:subfield>
            <marc:subfield code="d">BAKER</marc:subfield>
            <marc:subfield code="d">BTCTA</marc:subfield>
            <marc:subfield code="d">IUK</marc:subfield>
            <marc:subfield code="d">IOS</marc:subfield>
            <marc:subfield code="d">JPL</marc:subfield>
            <marc:subfield code="d">LF3</marc:subfield>
            <marc:subfield code="d">SVP</marc:subfield>
            <marc:subfield code="d">JZ6</marc:subfield>
            <marc:subfield code="d">YBM</marc:subfield>
            <marc:subfield code="d">IXA</marc:subfield>
            <marc:subfield code="d">IHI</marc:subfield>
            <marc:subfield code="d">YDXCP</marc:subfield>
            <marc:subfield code="d">JST</marc:subfield>
            <marc:subfield code="d">EHH</marc:subfield>
            <marc:subfield code="d">INT</marc:subfield>
            <marc:subfield code="d">LMR</marc:subfield>
            <marc:subfield code="d">MBB</marc:subfield>
            <marc:subfield code="d">NOR</marc:subfield>
            <marc:subfield code="d">KEC</marc:subfield>
            <marc:subfield code="d">JNA</marc:subfield>
            <marc:subfield code="d">XFG</marc:subfield>
            <marc:subfield code="d">RRR</marc:subfield>
          </marc:datafield>
          <marc:datafield ind1=" " ind2=" " tag="042">
            <marc:subfield code="a">lcac</marc:subfield>
          </marc:datafield>
          <marc:datafield ind1=" " ind2=" " tag="043">
            <marc:subfield code="a">e-uk-en</marc:subfield>
          </marc:datafield>
          <marc:datafield ind1=" " ind2=" " tag="049">
            <marc:subfield code="a">RRRR</marc:subfield>
          </marc:datafield>
          <marc:datafield ind1="0" ind2="0" tag="050">
            <marc:subfield code="a">PZ7.R79835</marc:subfield>
            <marc:subfield code="b">Hak 2007</marc:subfield>
          </marc:datafield>
          <marc:datafield ind1=" " ind2="4" tag="050">
            <marc:subfield code="a">PR6068.O93</marc:subfield>
          </marc:datafield>
          <marc:datafield ind1="1" ind2="4" tag="082">
            <marc:subfield code="a">[Fic]</marc:subfield>
            <marc:subfield code="2">22</marc:subfield>
          </marc:datafield>
          <marc:datafield ind1="1" ind2=" " tag="100">
            <marc:subfield code="a">Rowling, J. K.</marc:subfield>
            <marc:subfield code="4">aut</marc:subfield>
          </marc:datafield>
          <marc:datafield ind1="1" ind2="0" tag="245">
            <marc:subfield code="a">Harry Potter and the deathly hallows /</marc:subfield>
            <marc:subfield code="c">by J.K. Rowling ; illustrations by Mary GrandPré.</marc:subfield>
          </marc:datafield>
          <marc:datafield ind1=" " ind2=" " tag="250">
            <marc:subfield code="a">1st ed.</marc:subfield>
          </marc:datafield>
          <marc:datafield ind1=" " ind2=" " tag="260">
            <marc:subfield code="a">New York, NY :</marc:subfield>
            <marc:subfield code="b">Arthur A. Levine Books,</marc:subfield>
            <marc:subfield code="c">2007.</marc:subfield>
          </marc:datafield>
          <marc:datafield ind1=" " ind2=" " tag="300">
            <marc:subfield code="a">759 p. :</marc:subfield>
            <marc:subfield code="b">ill. ;</marc:subfield>
            <marc:subfield code="c">24 cm.</marc:subfield>
          </marc:datafield>
          <marc:datafield ind1=" " ind2=" " tag="500">
            <marc:subfield code="a">Sequel to: Harry Potter and the Half-Blood Prince.</marc:subfield>
          </marc:datafield>
          <marc:datafield ind1="0" ind2="0" tag="505">
            <marc:subfield code="g">1.</marc:subfield>
            <marc:subfield code="t">The Dark Lord ascending --</marc:subfield>
            <marc:subfield code="g">2.</marc:subfield>
            <marc:subfield code="t">In memoriam --</marc:subfield>
            <marc:subfield code="g">3.</marc:subfield>
            <marc:subfield code="t">The Dursleys departing --</marc:subfield>
            <marc:subfield code="g">4.</marc:subfield>
            <marc:subfield code="t">The seven Potters --</marc:subfield>
            <marc:subfield code="g">5.</marc:subfield>
            <marc:subfield code="t">Fallen warrior --</marc:subfield>
            <marc:subfield code="g">6.</marc:subfield>
            <marc:subfield code="t">The ghoul in pajamas --</marc:subfield>
            <marc:subfield code="g">7.</marc:subfield>
            <marc:subfield code="t">The will of Albus Dumbledore --</marc:subfield>
            <marc:subfield code="g">8.</marc:subfield>
            <marc:subfield code="t">The wedding --</marc:subfield>
            <marc:subfield code="g">9.</marc:subfield>
            <marc:subfield code="t">A place to hide --</marc:subfield>
            <marc:subfield code="g">10.</marc:subfield>
            <marc:subfield code="t">Kreacher's tale --</marc:subfield>
            <marc:subfield code="g">11.</marc:subfield>
            <marc:subfield code="t">The bribe --</marc:subfield>
            <marc:subfield code="g">12.</marc:subfield>
            <marc:subfield code="t">Magic is might --</marc:subfield>
            <marc:subfield code="g">13.</marc:subfield>
            <marc:subfield code="t">The Muggle-born Registration Commission --</marc:subfield>
            <marc:subfield code="g">14.</marc:subfield>
            <marc:subfield code="t">The thief --</marc:subfield>
            <marc:subfield code="g">15.</marc:subfield>
            <marc:subfield code="t">The goblin's revenge --</marc:subfield>
            <marc:subfield code="g">16.</marc:subfield>
            <marc:subfield code="t">Godric's Hollow --</marc:subfield>
            <marc:subfield code="g">17.</marc:subfield>
            <marc:subfield code="t">Bathilda's secret --</marc:subfield>
            <marc:subfield code="g">18.</marc:subfield>
            <marc:subfield code="t">The life and lies of Albus Dumbledore --</marc:subfield>
            <marc:subfield code="g">19.</marc:subfield>
            <marc:subfield code="t">The silver doe --</marc:subfield>
            <marc:subfield code="g">20.</marc:subfield>
            <marc:subfield code="t">Xenophilius Lovegood --</marc:subfield>
            <marc:subfield code="g">21.</marc:subfield>
            <marc:subfield code="t">The tale of the three brothers --</marc:subfield>
            <marc:subfield code="g">22.</marc:subfield>
            <marc:subfield code="t">The Deathly Hallows --</marc:subfield>
            <marc:subfield code="g">23.</marc:subfield>
            <marc:subfield code="t">Malfoy Manor --</marc:subfield>
            <marc:subfield code="g">24.</marc:subfield>
            <marc:subfield code="t">The wandmaker --</marc:subfield>
            <marc:subfield code="g">25.</marc:subfield>
            <marc:subfield code="t">Shell Cottage --</marc:subfield>
            <marc:subfield code="g">26.</marc:subfield>
            <marc:subfield code="t">Gringotts --</marc:subfield>
            <marc:subfield code="g">27.</marc:subfield>
            <marc:subfield code="t">The final hiding place --</marc:subfield>
            <marc:subfield code="g">28.</marc:subfield>
            <marc:subfield code="t">The missing mirror --</marc:subfield>
            <marc:subfield code="g">29.</marc:subfield>
            <marc:subfield code="t">The lost diadem --</marc:subfield>
            <marc:subfield code="g">30.</marc:subfield>
            <marc:subfield code="t">The sacking of Severus Snape --</marc:subfield>
            <marc:subfield code="g">31.</marc:subfield>
            <marc:subfield code="t">The Battle of Hogwarts --</marc:subfield>
            <marc:subfield code="g">32.</marc:subfield>
            <marc:subfield code="t">The Elder Wand --</marc:subfield>
            <marc:subfield code="g">33.</marc:subfield>
            <marc:subfield code="t">The prince's tale --</marc:subfield>
            <marc:subfield code="g">34.</marc:subfield>
            <marc:subfield code="t">The forest again --</marc:subfield>
            <marc:subfield code="g">35.</marc:subfield>
            <marc:subfield code="t">King's Cross --</marc:subfield>
            <marc:subfield code="g">36.</marc:subfield>
            <marc:subfield code="t">The flaw in the plan --</marc:subfield>
            <marc:subfield code="t">Epilogue.</marc:subfield>
          </marc:datafield>
          <marc:datafield ind1=" " ind2=" " tag="520">
            <marc:subfield code="a">Burdened with the dark, dangerous, and seemingly impossible task of locating and destroying Voldemort's remaining Horcruxes, Harry, feeling alone and uncertain about his future, struggles to find the inner strength he needs to follow the path set out before him.</marc:subfield>
          </marc:datafield>
          <marc:datafield ind1=" " ind2="1" tag="650">
            <marc:subfield code="a">Wizards</marc:subfield>
            <marc:subfield code="v">Fiction.</marc:subfield>
          </marc:datafield>
          <marc:datafield ind1=" " ind2="1" tag="650">
            <marc:subfield code="a">Magic</marc:subfield>
            <marc:subfield code="v">Fiction.</marc:subfield>
          </marc:datafield>
          <marc:datafield ind1=" " ind2="1" tag="650">
            <marc:subfield code="a">Coming of age</marc:subfield>
            <marc:subfield code="v">Fiction.</marc:subfield>
          </marc:datafield>
          <marc:datafield ind1=" " ind2="0" tag="650">
            <marc:subfield code="a">Potter, Harry (Fictitious character)</marc:subfield>
            <marc:subfield code="v">Juvenile fiction.</marc:subfield>
          </marc:datafield>
          <marc:datafield ind1=" " ind2="0" tag="650">
            <marc:subfield code="a">Wizards</marc:subfield>
            <marc:subfield code="v">Juvenile fiction.</marc:subfield>
          </marc:datafield>
          <marc:datafield ind1=" " ind2="0" tag="650">
            <marc:subfield code="a">Magic</marc:subfield>
            <marc:subfield code="v">Juvenile fiction.</marc:subfield>
          </marc:datafield>
          <marc:datafield ind1=" " ind2="0" tag="650">
            <marc:subfield code="a">Schools</marc:subfield>
            <marc:subfield code="v">Juvenile fiction.</marc:subfield>
          </marc:datafield>
          <marc:datafield ind1=" " ind2="0" tag="650">
            <marc:subfield code="a">Hogwarts School of Witchcraft and Wizardry (Imaginary organization)</marc:subfield>
            <marc:subfield code="v">Juvenile fiction.</marc:subfield>
          </marc:datafield>
          <marc:datafield ind1=" " ind2="1" tag="651">
            <marc:subfield code="a">England</marc:subfield>
            <marc:subfield code="v">Fiction.</marc:subfield>
          </marc:datafield>
          <marc:datafield ind1=" " ind2="0" tag="651">
            <marc:subfield code="a">England</marc:subfield>
            <marc:subfield code="v">Juvenile fiction.</marc:subfield>
          </marc:datafield>
          <marc:datafield ind1=" " ind2="0" tag="655">
            <marc:subfield code="a">Fantasy fiction.</marc:subfield>
          </marc:datafield>
          <marc:datafield ind1=" " ind2="7" tag="655">
            <marc:subfield code="a">Bildungsromans.</marc:subfield>
            <marc:subfield code="2">gsafd</marc:subfield>
          </marc:datafield>
          <marc:datafield ind1="1" ind2=" " tag="700">
            <marc:subfield code="a">GrandPré, Mary,</marc:subfield>
            <marc:subfield code="e">ill.</marc:subfield>
          </marc:datafield>
          <marc:datafield ind1="1" ind2=" " tag="800">
            <marc:subfield code="a">Rowling, J. K.</marc:subfield>
            <marc:subfield code="t">Year ... at Hogwarts ;</marc:subfield>
            <marc:subfield code="v">7.</marc:subfield>
          </marc:datafield>
          <marc:datafield ind1=" " ind2=" " tag="994">
            <marc:subfield code="a">C0</marc:subfield>
            <marc:subfield code="b">RRR</marc:subfield>
          </marc:datafield>
          <marc:datafield tag="931" ind1=" " ind2=" ">
            <marc:subfield code="a">Text</marc:subfield>
            <marc:subfield code="5">UIUdb</marc:subfield>
          </marc:datafield>
          <marc:datafield tag="932" ind1=" " ind2=" ">
            <marc:subfield code="a">Language material</marc:subfield>
            <marc:subfield code="5">UIUdb</marc:subfield>
          </marc:datafield>
          <marc:datafield tag="933" ind1=" " ind2=" ">
            <marc:subfield code="a">Text</marc:subfield>
            <marc:subfield code="5">UIUdb</marc:subfield>
          </marc:datafield>
          <marc:datafield tag="935" ind1=" " ind2=" ">
            <marc:subfield code="a">Monograph/Item</marc:subfield>
            <marc:subfield code="5">UIUdb</marc:subfield>
          </marc:datafield>
          <marc:datafield tag="937" ind1=" " ind2=" ">
            <marc:subfield code="a">Fiction</marc:subfield>
            <marc:subfield code="5">UIUdb</marc:subfield>
          </marc:datafield>
          <marc:datafield tag="941" ind1=" " ind2=" ">
            <marc:subfield code="a">eng</marc:subfield>
            <marc:subfield code="5">UIUdb</marc:subfield>
          </marc:datafield>
          <marc:datafield tag="943" ind1=" " ind2=" ">
            <marc:subfield code="a">English</marc:subfield>
            <marc:subfield code="5">UIUdb</marc:subfield>
          </marc:datafield>
          <marc:datafield tag="945" ind1=" " ind2=" ">
            <marc:subfield code="a">Juvenile</marc:subfield>
            <marc:subfield code="5">UIUdb</marc:subfield>
          </marc:datafield>
          <marc:datafield tag="947" ind1=" " ind2=" ">
            <marc:subfield code="a">9780545010221</marc:subfield>
            <marc:subfield code="5">UIUdb</marc:subfield>
          </marc:datafield>
          <marc:datafield tag="947" ind1=" " ind2=" ">
            <marc:subfield code="a">9780545029360</marc:subfield>
            <marc:subfield code="5">UIUdb</marc:subfield>
          </marc:datafield>
          <marc:datafield tag="947" ind1=" " ind2=" ">
            <marc:subfield code="a">0545029368</marc:subfield>
            <marc:subfield code="5">UIUdb</marc:subfield>
          </marc:datafield>
          <marc:datafield tag="947" ind1=" " ind2=" ">
            <marc:subfield code="a">9780545029377 </marc:subfield>
            <marc:subfield code="5">UIUdb</marc:subfield>
          </marc:datafield>
          <marc:datafield tag="947" ind1=" " ind2=" ">
            <marc:subfield code="a">0545029376 </marc:subfield>
            <marc:subfield code="5">UIUdb</marc:subfield>
          </marc:datafield>
          <marc:datafield tag="035" ind1=" " ind2=" ">
            <marc:subfield code="a">(UIUdb)4169623</marc:subfield>
          </marc:datafield>
          <marc:datafield tag="240" ind1="0" ind2="0">
            <marc:subfield code="a">Harry Potter and the deathly hallows /</marc:subfield>
          </marc:datafield>
          <marc:datafield tag="965" ind1=" " ind2="1">
            <marc:subfield code="a">Wizards</marc:subfield>
            <marc:subfield code="5">UIUdb</marc:subfield>
          </marc:datafield>
          <marc:datafield tag="965" ind1=" " ind2="1">
            <marc:subfield code="a">Magic</marc:subfield>
            <marc:subfield code="5">UIUdb</marc:subfield>
          </marc:datafield>
          <marc:datafield tag="965" ind1=" " ind2="1">
            <marc:subfield code="a">Coming of age</marc:subfield>
            <marc:subfield code="5">UIUdb</marc:subfield>
          </marc:datafield>
          <marc:datafield tag="965" ind1=" " ind2="0">
            <marc:subfield code="a">Potter, Harry (Fictitious character)</marc:subfield>
            <marc:subfield code="5">UIUdb</marc:subfield>
          </marc:datafield>
          <marc:datafield tag="965" ind1=" " ind2="0">
            <marc:subfield code="a">Wizards</marc:subfield>
            <marc:subfield code="5">UIUdb</marc:subfield>
          </marc:datafield>
          <marc:datafield tag="965" ind1=" " ind2="0">
            <marc:subfield code="a">Magic</marc:subfield>
            <marc:subfield code="5">UIUdb</marc:subfield>
          </marc:datafield>
          <marc:datafield tag="965" ind1=" " ind2="0">
            <marc:subfield code="a">Schools</marc:subfield>
            <marc:subfield code="5">UIUdb</marc:subfield>
          </marc:datafield>
          <marc:datafield tag="965" ind1=" " ind2="0">
            <marc:subfield code="a">Hogwarts School of Witchcraft and Wizardry (Imaginary organization)</marc:subfield>
            <marc:subfield code="5">UIUdb</marc:subfield>
          </marc:datafield>
          <marc:datafield tag="967" ind1=" " ind2="1">
            <marc:subfield code="a">England</marc:subfield>
            <marc:subfield code="5">UIUdb</marc:subfield>
          </marc:datafield>
          <marc:datafield tag="967" ind1=" " ind2="0">
            <marc:subfield code="a">England</marc:subfield>
            <marc:subfield code="5">UIUdb</marc:subfield>
          </marc:datafield>
          <marc:datafield tag="969" ind1=" " ind2="1">
            <marc:subfield code="v">Fiction.</marc:subfield>
            <marc:subfield code="5">UIUdb</marc:subfield>
          </marc:datafield>
          <marc:datafield tag="969" ind1=" " ind2="0">
            <marc:subfield code="v">Juvenile fiction.</marc:subfield>
            <marc:subfield code="5">UIUdb</marc:subfield>
          </marc:datafield>
        </marc:record>
      </metadata>
    </record>