
    <record>
      <header>
        <identifier>oai:mst.rochester.edu:MetadataServicesToolkit/marcnormalization/38</identifier>
        <datestamp>2012-01-27T15:16:08Z</datestamp>
        <setSpec>MARCXMLbibliographic</setSpec>
      </header>
      <metadata>
        <marc:record xmlns:marc="http://www.loc.gov/MARC21/slim" xmlns:xsi="http://www.w3.org/2001/XMLSchema-instance" xsi:schemaLocation="http://www.loc.gov/MARC21/slim http://localhost:8080/OAIToolkit/schema/MARC21slim_custom.xsd">
          <marc:leader>04116cgm a2200433Ia 4500</marc:leader>
          <marc:controlfield tag="001">4598047</marc:controlfield>
          <marc:controlfield tag="005">20110725124557.0</marc:controlfield>
          <marc:controlfield tag="007">vd cvaizs</marc:controlfield>
          <marc:controlfield tag="003">UIUdb</marc:controlfield>
          <marc:controlfield tag="008">110725s2004    xxu573            vceng  </marc:controlfield>
          <marc:datafield ind1=" " ind2=" " tag="010">
            <marc:subfield code="a">  2004640022</marc:subfield>
          </marc:datafield>
          <marc:datafield ind1="1" ind2=" " tag="024">
            <marc:subfield code="a">014381227123 (set)</marc:subfield>
          </marc:datafield>
          <marc:datafield ind1="4" ind2="0" tag="028">
            <marc:subfield code="a">NATD2271DVD (set)</marc:subfield>
          </marc:datafield>
          <marc:datafield ind1=" " ind2=" " tag="040">
            <marc:subfield code="a">DLC</marc:subfield>
            <marc:subfield code="e">amim</marc:subfield>
            <marc:subfield code="c">DLC</marc:subfield>
          </marc:datafield>
          <marc:datafield ind1=" " ind2=" " tag="049">
            <marc:subfield code="a">RRRR</marc:subfield>
          </marc:datafield>
          <marc:datafield ind1=" " ind2=" " tag="090">
            <marc:subfield code="a">PN1993.5.U6</marc:subfield>
            <marc:subfield code="b">T74 2004</marc:subfield>
          </marc:datafield>
          <marc:datafield ind1="0" ind2="0" tag="245">
            <marc:subfield code="a">More treasures from American film archives, 1894-1931</marc:subfield>
            <marc:subfield code="h">[videorecording] :</marc:subfield>
            <marc:subfield code="b">50 films /</marc:subfield>
            <marc:subfield code="c">Sony Pictures ; produced by the National Film Preservation Foundation ; curator, Scott Simmon ; music curator, Martin Marks.</marc:subfield>
          </marc:datafield>
          <marc:datafield ind1="3" ind2="0" tag="246">
            <marc:subfield code="a">50 films</marc:subfield>
          </marc:datafield>
          <marc:datafield ind1="3" ind2="0" tag="246">
            <marc:subfield code="a">Fifty films</marc:subfield>
          </marc:datafield>
          <marc:datafield ind1=" " ind2=" " tag="260">
            <marc:subfield code="a">United States :</marc:subfield>
            <marc:subfield code="b">Image Entertainment,</marc:subfield>
            <marc:subfield code="c">2004.</marc:subfield>
          </marc:datafield>
          <marc:datafield ind1=" " ind2=" " tag="300">
            <marc:subfield code="a">3 videodiscs (573 min.) :</marc:subfield>
            <marc:subfield code="b">sd., b&amp;w and col. ;</marc:subfield>
            <marc:subfield code="c">4 3/4 in.</marc:subfield>
            <marc:subfield code="e">1 book (186 p. ; ill. ; 29 cm.)</marc:subfield>
          </marc:datafield>
          <marc:datafield ind1=" " ind2=" " tag="500">
            <marc:subfield code="a">This set was made possible in part by a grant from the National Endowment for the Humanities.</marc:subfield>
          </marc:datafield>
          <marc:datafield ind1=" " ind2=" " tag="500">
            <marc:subfield code="a">Special features: over 9 1/2 hours on 3 discs ;  commentary by 17 critics, historians, and preservationists ; digitally mastered from the finest archival sources ; newly recorded musical scores ; over 500 interactive screens about the films and music ; 186-page illustrated book with film notes and credits ; postcards from the films ; playable worldwide.</marc:subfield>
          </marc:datafield>
          <marc:datafield ind1=" " ind2=" " tag="500">
            <marc:subfield code="a">Accompanying book (186 p.) contains full credits, essays by the curators, over 60 illustrations, and indexes.</marc:subfield>
          </marc:datafield>
          <marc:datafield ind1=" " ind2=" " tag="500">
            <marc:subfield code="a">Films are from five major film archives: the Academy of Motion Picture Arts and Sciences, George Eastman House, the Library of Congress, the Museum of Modern Art, and the UCLA Film and Television Archive.</marc:subfield>
          </marc:datafield>
          <marc:datafield ind1=" " ind2=" " tag="500">
            <marc:subfield code="a">Sources used: accompanying book; brochure for title in M/B/RS organizations files (National Film Preservation Foundation); National Film Preservation Foundation web site.</marc:subfield>
          </marc:datafield>
          <marc:datafield ind1="0" ind2=" " tag="505">
            <marc:subfield code="a">Program 1. Dickson experimental sound film -- Annie Oakley, Buffalo dance, Bucking broncho -- The suburbanite -- The country doctor -- The wonderful Wizard of Oz -- Admiral Cigarette, Flash Cleaner, Buy an electric refrigerator, The stenographer's friend -- The invaders -- The hazards of Helen -- Gretchen the greenhorn -- The breath of a nation -- De-light: making an electric light bulb -- Skyscraper symphony -- Greetings by George Bernard Shaw.</marc:subfield>
          </marc:datafield>
          <marc:datafield ind1="8" ind2=" " tag="505">
            <marc:subfield code="a">Program 2. What happened on Twenty-Third Street, At the foot of the Flatiron, New York City "ghetto" fish market -- From Leadville to Aspen -- The "Teddy" bears -- Children who labor -- The flute of Krishna -- Surviving reel of Lotus blossom -- Gus Visser and his singing duck -- Clash of the wolves -- International newsreel -- Now you're talking -- There it is -- A Bronx morning.</marc:subfield>
          </marc:datafield>
          <marc:datafield ind1="8" ind2=" " tag="505">
            <marc:subfield code="a">Program 3. Rip Van Winkle -- Mr. Edison at work in his chemical laboratory -- Life of an American fireman -- Westinghouse works -- Falling leaves -- Hollywood promotional films -- De Forest Phonofilms -- Inklings -- Lady Windermere's fan -- Cockeyed -- Prologue from The Passaic textile strike -- Tramp, tramp, tramp -- Zora Neale Hurston's fieldwork footage -- Trailers for six lost films.</marc:subfield>
          </marc:datafield>
          <marc:datafield ind1=" " ind2=" " tag="520">
            <marc:subfield code="a">An anthology of films from American film archives. In addition to rare silent-era features, includes cartoons and animation, documentaries and newsreels, earliest American movies, pioneering sound and color experiments, serial episodes, trailers for lost films, advertisements, avant-garde shorts, ethnographic footage, films of ethnic communities, and other film types invented during the first four decades of the motion picture. Contains 50 films followed by six previews for lost features and serials. Also contains newly recorded musical scores and over 500 interactive screens about the films and music.</marc:subfield>
          </marc:datafield>
          <marc:datafield ind1=" " ind2=" " tag="538">
            <marc:subfield code="a">DVD ; NTSC ; Dolby digital stereo sound.</marc:subfield>
          </marc:datafield>
          <marc:datafield ind1=" " ind2="0" tag="650">
            <marc:subfield code="a">Motion pictures</marc:subfield>
            <marc:subfield code="z">United States</marc:subfield>
            <marc:subfield code="x">History.</marc:subfield>
          </marc:datafield>
          <marc:datafield ind1="1" ind2=" " tag="700">
            <marc:subfield code="a">Simmon, Scott,</marc:subfield>
            <marc:subfield code="e">research.</marc:subfield>
          </marc:datafield>
          <marc:datafield ind1="1" ind2=" " tag="700">
            <marc:subfield code="a">Marks, Martin Miller,</marc:subfield>
            <marc:subfield code="e">music.</marc:subfield>
          </marc:datafield>
          <marc:datafield ind1="2" ind2=" " tag="710">
            <marc:subfield code="a">Sony Pictures.</marc:subfield>
          </marc:datafield>
          <marc:datafield ind1="2" ind2=" " tag="710">
            <marc:subfield code="a">National Film Preservation Foundation (U.S.)</marc:subfield>
          </marc:datafield>
          <marc:datafield ind1="2" ind2=" " tag="710">
            <marc:subfield code="a">Image Entertainment (Firm)</marc:subfield>
          </marc:datafield>
          <marc:datafield ind1=" " ind2=" " tag="994">
            <marc:subfield code="a">E0</marc:subfield>
            <marc:subfield code="b">RRR</marc:subfield>
          </marc:datafield>
          <marc:datafield tag="931" ind1=" " ind2=" ">
            <marc:subfield code="a">Image</marc:subfield>
            <marc:subfield code="5">UIUdb</marc:subfield>
          </marc:datafield>
          <marc:datafield tag="932" ind1=" " ind2=" ">
            <marc:subfield code="a">Projected medium</marc:subfield>
            <marc:subfield code="5">UIUdb</marc:subfield>
          </marc:datafield>
          <marc:datafield tag="935" ind1=" " ind2=" ">
            <marc:subfield code="a">Monograph/Item</marc:subfield>
            <marc:subfield code="5">UIUdb</marc:subfield>
          </marc:datafield>
          <marc:datafield tag="931" ind1=" " ind2=" ">
            <marc:subfield code="a">MovingImage</marc:subfield>
            <marc:subfield code="5">UIUdb</marc:subfield>
          </marc:datafield>
          <marc:datafield tag="933" ind1=" " ind2=" ">
            <marc:subfield code="a">Video recording</marc:subfield>
            <marc:subfield code="5">UIUdb</marc:subfield>
          </marc:datafield>
          <marc:datafield tag="934" ind1=" " ind2=" ">
            <marc:subfield code="a">Videodisc</marc:subfield>
            <marc:subfield code="5">UIUdb</marc:subfield>
          </marc:datafield>
          <marc:datafield tag="941" ind1=" " ind2=" ">
            <marc:subfield code="a">eng</marc:subfield>
            <marc:subfield code="5">UIUdb</marc:subfield>
          </marc:datafield>
          <marc:datafield tag="943" ind1=" " ind2=" ">
            <marc:subfield code="a">English</marc:subfield>
            <marc:subfield code="5">UIUdb</marc:subfield>
          </marc:datafield>
          <marc:datafield tag="947" ind1=" " ind2=" ">
            <marc:subfield code="a">0974709913 </marc:subfield>
            <marc:subfield code="5">UIUdb</marc:subfield>
          </marc:datafield>
          <marc:datafield tag="035" ind1=" " ind2=" ">
            <marc:subfield code="a">(UIUdb)4598047</marc:subfield>
          </marc:datafield>
          <marc:datafield tag="130" ind1="0" ind2=" ">
            <marc:subfield code="a">More treasures from American film archives, 1894-1931</marc:subfield>
          </marc:datafield>
          <marc:datafield tag="965" ind1=" " ind2="0">
            <marc:subfield code="a">Motion pictures</marc:subfield>
            <marc:subfield code="5">UIUdb</marc:subfield>
          </marc:datafield>
          <marc:datafield tag="965" ind1=" " ind2="0">
            <marc:subfield code="x">History.</marc:subfield>
            <marc:subfield code="5">UIUdb</marc:subfield>
          </marc:datafield>
          <marc:datafield tag="967" ind1=" " ind2="0">
            <marc:subfield code="z">United States</marc:subfield>
            <marc:subfield code="5">UIUdb</marc:subfield>
          </marc:datafield>
        </marc:record>
      </metadata>
    </record>