
    <record>
      <header>
        <identifier>oai:mst.rochester.edu:MetadataServicesToolkit/marcnormalization/40</identifier>
        <datestamp>2012-01-27T15:16:08Z</datestamp>
        <setSpec>MARCXMLbibliographic</setSpec>
      </header>
      <metadata>
        <marc:record xmlns:marc="http://www.loc.gov/MARC21/slim" xmlns:xsi="http://www.w3.org/2001/XMLSchema-instance" xsi:schemaLocation="http://www.loc.gov/MARC21/slim http://localhost:8080/OAIToolkit/schema/MARC21slim_custom.xsd">
          <marc:leader>01517cam a2200337Ia 4500</marc:leader>
          <marc:controlfield tag="001">4598048</marc:controlfield>
          <marc:controlfield tag="005">20110725125849.0</marc:controlfield>
          <marc:controlfield tag="008">110725s1996    gw a     bk   000 0 ger d</marc:controlfield>
          <marc:controlfield tag="003">UIUdb</marc:controlfield>
          <marc:datafield ind1=" " ind2=" " tag="020">
            <marc:subfield code="a">3920950267</marc:subfield>
          </marc:datafield>
          <marc:datafield ind1="1" ind2=" " tag="024">
            <marc:subfield code="a">M-005028191-7</marc:subfield>
          </marc:datafield>
          <marc:datafield ind1="3" ind2="2" tag="028">
            <marc:subfield code="a">2819 P.J.T.</marc:subfield>
            <marc:subfield code="b">P.J. Tonger Musikverlag</marc:subfield>
          </marc:datafield>
          <marc:datafield ind1=" " ind2=" " tag="040">
            <marc:subfield code="a">OSU</marc:subfield>
            <marc:subfield code="c">OSU</marc:subfield>
            <marc:subfield code="d">NYP</marc:subfield>
          </marc:datafield>
          <marc:datafield ind1="1" ind2=" " tag="041">
            <marc:subfield code="a">ger</marc:subfield>
            <marc:subfield code="e">itager</marc:subfield>
            <marc:subfield code="h">ita</marc:subfield>
          </marc:datafield>
          <marc:datafield ind1=" " ind2=" " tag="049">
            <marc:subfield code="a">RESM</marc:subfield>
          </marc:datafield>
          <marc:datafield ind1=" " ind2=" " tag="090">
            <marc:subfield code="a">ML410.V855</marc:subfield>
            <marc:subfield code="b">Z69 1996</marc:subfield>
          </marc:datafield>
          <marc:datafield ind1="1" ind2=" " tag="100">
            <marc:subfield code="a">Zilkens, Udo,</marc:subfield>
            <marc:subfield code="d">1964-</marc:subfield>
            <marc:subfield code="4">aut</marc:subfield>
          </marc:datafield>
          <marc:datafield ind1="1" ind2="0" tag="245">
            <marc:subfield code="a">Antonio Vivaldi :</marc:subfield>
            <marc:subfield code="b">zwischen Naturalismus und Pop : die vier Jahreszeiten im Spiegel ihrer Interpretationen durch Musiktheoretiker und Musiker, in Bearbeitungen und auf Plattencovern /</marc:subfield>
            <marc:subfield code="c">Udo Zilkens ; mit einer Diskographie von Roger-Claude Travers.</marc:subfield>
          </marc:datafield>
          <marc:datafield ind1="3" ind2="0" tag="246">
            <marc:subfield code="a">Zwischen Naturalismus und Pop</marc:subfield>
          </marc:datafield>
          <marc:datafield ind1="3" ind2="0" tag="246">
            <marc:subfield code="a">Vier Jahreszeiten im Spiegel ihrer Interpretationen durch Musiktheoretiker und Musiker, in Bearbeitungen und auf Plattencovern</marc:subfield>
          </marc:datafield>
          <marc:datafield ind1=" " ind2=" " tag="260">
            <marc:subfield code="a">Köln-Rodenkirchen :</marc:subfield>
            <marc:subfield code="b">P.J. Tonger Musikverlag,</marc:subfield>
            <marc:subfield code="c">c1996.</marc:subfield>
          </marc:datafield>
          <marc:datafield ind1=" " ind2=" " tag="300">
            <marc:subfield code="a">95 p. ;</marc:subfield>
            <marc:subfield code="b">ill. ;</marc:subfield>
            <marc:subfield code="c">25 cm.</marc:subfield>
          </marc:datafield>
          <marc:datafield ind1=" " ind2=" " tag="504">
            <marc:subfield code="a">Discography: p. 84-89.</marc:subfield>
          </marc:datafield>
          <marc:datafield ind1=" " ind2=" " tag="504">
            <marc:subfield code="a">Includes bibliographical references (p. 82-83) and index.</marc:subfield>
          </marc:datafield>
          <marc:datafield ind1=" " ind2=" " tag="546">
            <marc:subfield code="a">Includes the sonnets in Italian and German : p. 92-95.</marc:subfield>
          </marc:datafield>
          <marc:datafield ind1="1" ind2="0" tag="600">
            <marc:subfield code="a">Vivaldi, Antonio,</marc:subfield>
            <marc:subfield code="d">1678-1741</marc:subfield>
            <marc:subfield code="x">Criticism and interpretation.</marc:subfield>
          </marc:datafield>
          <marc:datafield ind1="1" ind2="0" tag="600">
            <marc:subfield code="a">Vivaldi, Antonio,</marc:subfield>
            <marc:subfield code="d">1678-1741.</marc:subfield>
            <marc:subfield code="t">Cimento dell'armonia e dell'inventione.</marc:subfield>
            <marc:subfield code="n">N. 1-4.</marc:subfield>
          </marc:datafield>
          <marc:datafield ind1="1" ind2="0" tag="600">
            <marc:subfield code="a">Vivaldi, Antonio,</marc:subfield>
            <marc:subfield code="d">1678-1741</marc:subfield>
            <marc:subfield code="v">Discography.</marc:subfield>
          </marc:datafield>
          <marc:datafield ind1=" " ind2="0" tag="650">
            <marc:subfield code="a">Concertos (Violin with string orchestra)</marc:subfield>
          </marc:datafield>
          <marc:datafield ind1="1" ind2=" " tag="700">
            <marc:subfield code="a">Travers, Roger-Claude.</marc:subfield>
          </marc:datafield>
          <marc:datafield tag="931" ind1=" " ind2=" ">
            <marc:subfield code="a">Text</marc:subfield>
            <marc:subfield code="5">UIUdb</marc:subfield>
          </marc:datafield>
          <marc:datafield tag="932" ind1=" " ind2=" ">
            <marc:subfield code="a">Language material</marc:subfield>
            <marc:subfield code="5">UIUdb</marc:subfield>
          </marc:datafield>
          <marc:datafield tag="933" ind1=" " ind2=" ">
            <marc:subfield code="a">Text</marc:subfield>
            <marc:subfield code="5">UIUdb</marc:subfield>
          </marc:datafield>
          <marc:datafield tag="935" ind1=" " ind2=" ">
            <marc:subfield code="a">Monograph/Item</marc:subfield>
            <marc:subfield code="5">UIUdb</marc:subfield>
          </marc:datafield>
          <marc:datafield tag="937" ind1=" " ind2=" ">
            <marc:subfield code="a">Non-Fiction</marc:subfield>
            <marc:subfield code="5">UIUdb</marc:subfield>
          </marc:datafield>
          <marc:datafield tag="941" ind1=" " ind2=" ">
            <marc:subfield code="a">ger</marc:subfield>
            <marc:subfield code="5">UIUdb</marc:subfield>
          </marc:datafield>
          <marc:datafield tag="943" ind1=" " ind2=" ">
            <marc:subfield code="a">German</marc:subfield>
            <marc:subfield code="5">UIUdb</marc:subfield>
          </marc:datafield>
          <marc:datafield tag="947" ind1=" " ind2=" ">
            <marc:subfield code="a">3920950267</marc:subfield>
            <marc:subfield code="5">UIUdb</marc:subfield>
          </marc:datafield>
          <marc:datafield tag="035" ind1=" " ind2=" ">
            <marc:subfield code="a">(UIUdb)4598048</marc:subfield>
          </marc:datafield>
          <marc:datafield tag="240" ind1="0" ind2="0">
            <marc:subfield code="a">Antonio Vivaldi :</marc:subfield>
          </marc:datafield>
          <marc:datafield tag="965" ind1="1" ind2="0">
            <marc:subfield code="a">Vivaldi, Antonio,</marc:subfield>
            <marc:subfield code="d">1678-1741</marc:subfield>
            <marc:subfield code="5">UIUdb</marc:subfield>
          </marc:datafield>
          <marc:datafield tag="965" ind1="1" ind2="0">
            <marc:subfield code="x">Criticism and interpretation.</marc:subfield>
            <marc:subfield code="5">UIUdb</marc:subfield>
          </marc:datafield>
          <marc:datafield tag="969" ind1="1" ind2="0">
            <marc:subfield code="v">Discography.</marc:subfield>
            <marc:subfield code="5">UIUdb</marc:subfield>
          </marc:datafield>
        </marc:record>
      </metadata>
    </record>