
    <record>
      <header>
        <identifier>oai:mst.rochester.edu:MetadataServicesToolkit/marcnormalization/47</identifier>
        <datestamp>2012-01-27T15:16:08Z</datestamp>
        <setSpec>MARCXMLbibliographic</setSpec>
      </header>
      <metadata>
        <marc:record xmlns:marc="http://www.loc.gov/MARC21/slim" xmlns:xsi="http://www.w3.org/2001/XMLSchema-instance" xsi:schemaLocation="http://www.loc.gov/MARC21/slim http://localhost:8080/OAIToolkit/schema/MARC21slim_custom.xsd">
          <marc:leader>02811cas a2200529   4500</marc:leader>
          <marc:controlfield tag="001">4601376</marc:controlfield>
          <marc:controlfield tag="005">20110727112403.0</marc:controlfield>
          <marc:controlfield tag="006">m        d        </marc:controlfield>
          <marc:controlfield tag="003">UIUdb</marc:controlfield>
          <marc:controlfield tag="007">cr  n         </marc:controlfield>
          <marc:controlfield tag="008">110727c18699999enkwn p s     0   a0eng c</marc:controlfield>
          <marc:datafield ind1="7" ind2=" " tag="016">
            <marc:subfield code="a">N07600000</marc:subfield>
            <marc:subfield code="2">DNLM</marc:subfield>
          </marc:datafield>
          <marc:datafield ind1="0" ind2=" " tag="022">
            <marc:subfield code="a">0028-0836</marc:subfield>
            <marc:subfield code="l">0028-0836</marc:subfield>
            <marc:subfield code="z">0302-2889</marc:subfield>
            <marc:subfield code="2">2</marc:subfield>
          </marc:datafield>
          <marc:datafield ind1=" " ind2=" " tag="030">
            <marc:subfield code="a">NATUAS</marc:subfield>
          </marc:datafield>
          <marc:datafield ind1=" " ind2=" " tag="032">
            <marc:subfield code="a">082070</marc:subfield>
            <marc:subfield code="b">USPS</marc:subfield>
          </marc:datafield>
          <marc:datafield ind1=" " ind2=" " tag="035">
            <marc:subfield code="a">(WaSeSS)ssj5174</marc:subfield>
          </marc:datafield>
          <marc:datafield ind1=" " ind2=" " tag="040">
            <marc:subfield code="a">MnMULS</marc:subfield>
            <marc:subfield code="c">MnMULS</marc:subfield>
            <marc:subfield code="d">OCoLC</marc:subfield>
            <marc:subfield code="d">NIC</marc:subfield>
            <marc:subfield code="d">NSDP</marc:subfield>
            <marc:subfield code="d">InU</marc:subfield>
            <marc:subfield code="d">MH</marc:subfield>
            <marc:subfield code="d">DLC</marc:subfield>
            <marc:subfield code="d">OCoLC</marc:subfield>
            <marc:subfield code="d">NSDP</marc:subfield>
            <marc:subfield code="d">OCoLC</marc:subfield>
            <marc:subfield code="d">DLC</marc:subfield>
            <marc:subfield code="d">OCoLC</marc:subfield>
            <marc:subfield code="d">DLC</marc:subfield>
            <marc:subfield code="d">OCoLC</marc:subfield>
            <marc:subfield code="d">NST</marc:subfield>
            <marc:subfield code="d">AIP</marc:subfield>
            <marc:subfield code="d">NSDP</marc:subfield>
            <marc:subfield code="d">AIP</marc:subfield>
            <marc:subfield code="d">DLC</marc:subfield>
            <marc:subfield code="d">OCoLC</marc:subfield>
            <marc:subfield code="d">NST</marc:subfield>
            <marc:subfield code="d">ICRL</marc:subfield>
            <marc:subfield code="d">NST</marc:subfield>
            <marc:subfield code="d">NSDP</marc:subfield>
            <marc:subfield code="d">OCoLC</marc:subfield>
            <marc:subfield code="d">NST</marc:subfield>
            <marc:subfield code="d">DNAL</marc:subfield>
            <marc:subfield code="d">NST</marc:subfield>
            <marc:subfield code="d">DLC</marc:subfield>
            <marc:subfield code="d">NSDP</marc:subfield>
            <marc:subfield code="d">MH</marc:subfield>
            <marc:subfield code="d">MiU</marc:subfield>
            <marc:subfield code="d">DNLM</marc:subfield>
            <marc:subfield code="d">MH</marc:subfield>
            <marc:subfield code="d">DLC</marc:subfield>
            <marc:subfield code="d">OCU-M</marc:subfield>
            <marc:subfield code="d">DLC</marc:subfield>
            <marc:subfield code="d">MH</marc:subfield>
            <marc:subfield code="d">MiU</marc:subfield>
            <marc:subfield code="d">WaU</marc:subfield>
            <marc:subfield code="d">MCM</marc:subfield>
            <marc:subfield code="d">OCoLC</marc:subfield>
            <marc:subfield code="d">CaQMU</marc:subfield>
            <marc:subfield code="d">OCoLC</marc:subfield>
            <marc:subfield code="d">DIBAM</marc:subfield>
            <marc:subfield code="d">GU</marc:subfield>
            <marc:subfield code="d">NLGGC</marc:subfield>
            <marc:subfield code="d">NYDWH</marc:subfield>
            <marc:subfield code="d">MiEM</marc:subfield>
            <marc:subfield code="d">IEN</marc:subfield>
            <marc:subfield code="d">NIALS</marc:subfield>
            <marc:subfield code="d">CoU-DA</marc:subfield>
            <marc:subfield code="d">OCoLC</marc:subfield>
            <marc:subfield code="d">AMAZN</marc:subfield>
            <marc:subfield code="d">WaSeSS</marc:subfield>
          </marc:datafield>
          <marc:datafield ind1=" " ind2=" " tag="042">
            <marc:subfield code="a">nsdp</marc:subfield>
            <marc:subfield code="a">pcc</marc:subfield>
          </marc:datafield>
          <marc:datafield ind1="0" ind2="0" tag="050">
            <marc:subfield code="a">Q1</marc:subfield>
            <marc:subfield code="b">.N2</marc:subfield>
          </marc:datafield>
          <marc:datafield ind1="1" ind2="4" tag="050">
            <marc:subfield code="a">QC1</marc:subfield>
          </marc:datafield>
          <marc:datafield ind1="0" ind2=" " tag="060">
            <marc:subfield code="a">W1 NA81</marc:subfield>
          </marc:datafield>
          <marc:datafield ind1="0" ind2=" " tag="070">
            <marc:subfield code="a">472</marc:subfield>
            <marc:subfield code="b">N21</marc:subfield>
          </marc:datafield>
          <marc:datafield ind1="0" ind2="0" tag="082">
            <marc:subfield code="a">505</marc:subfield>
          </marc:datafield>
          <marc:datafield ind1="0" ind2=" " tag="130">
            <marc:subfield code="a">Nature (Online)</marc:subfield>
          </marc:datafield>
          <marc:datafield ind1="0" ind2=" " tag="210">
            <marc:subfield code="a">Nature</marc:subfield>
            <marc:subfield code="b">(Lond.)</marc:subfield>
          </marc:datafield>
          <marc:datafield ind1=" " ind2="0" tag="222">
            <marc:subfield code="a">Nature</marc:subfield>
            <marc:subfield code="b">(London)</marc:subfield>
          </marc:datafield>
          <marc:datafield ind1="1" ind2="0" tag="245">
            <marc:subfield code="a">Nature</marc:subfield>
            <marc:subfield code="h">[electronic resource].</marc:subfield>
          </marc:datafield>
          <marc:datafield ind1="3" ind2=" " tag="246">
            <marc:subfield code="a">International weekly journal of science</marc:subfield>
          </marc:datafield>
          <marc:datafield ind1=" " ind2=" " tag="260">
            <marc:subfield code="a">[London, etc.,</marc:subfield>
            <marc:subfield code="b">Macmillan Journals Ltd., etc.]</marc:subfield>
          </marc:datafield>
          <marc:datafield ind1=" " ind2=" " tag="310">
            <marc:subfield code="a">Weekly, except last week in Dec.,</marc:subfield>
            <marc:subfield code="b">1981-</marc:subfield>
          </marc:datafield>
          <marc:datafield ind1="0" ind2=" " tag="362">
            <marc:subfield code="a">v. 1- Nov. 4, 1869-</marc:subfield>
          </marc:datafield>
          <marc:datafield ind1=" " ind2=" " tag="500">
            <marc:subfield code="a">"International weekly journal of science"--Cover.</marc:subfield>
          </marc:datafield>
          <marc:datafield ind1=" " ind2=" " tag="500">
            <marc:subfield code="a">Founded and for many years edited by Sir J.N. Lockyer.</marc:subfield>
          </marc:datafield>
          <marc:datafield ind1=" " ind2=" " tag="500">
            <marc:subfield code="a">Latest issue consulted: Vol. 359, no. 6393 (24 Sept. 1992).</marc:subfield>
          </marc:datafield>
          <marc:datafield ind1=" " ind2=" " tag="525">
            <marc:subfield code="a">CD-ROM and print supplements accompany many numbers.</marc:subfield>
          </marc:datafield>
          <marc:datafield ind1=" " ind2=" " tag="580">
            <marc:subfield code="a">Vol. 229-246, Jan. 1971-Dec. 1973, issued in three parts. The two new parts, Nature: new biology, and Nature: physical sciences, continued the volume numbering of Nature in addition to carrying their own issue numbering. With vol. 246, Dec. 1973, Nature: new biology, and Nature: physical sciences, ceased publication and were absorbed by Nature.</marc:subfield>
          </marc:datafield>
          <marc:datafield ind1=" " ind2=" " tag="580">
            <marc:subfield code="a">Beginning in 1994 complemented by Nature structural biology, which consists of articles on structural biology for a more specialist audience.</marc:subfield>
          </marc:datafield>
          <marc:datafield ind1=" " ind2=" " tag="580">
            <marc:subfield code="a">Editorially independent from the journal Nature cell biology, but shares with that journal referees' comments on submitted articles, May 1999-</marc:subfield>
          </marc:datafield>
          <marc:datafield ind1=" " ind2="0" tag="650">
            <marc:subfield code="a">Science</marc:subfield>
            <marc:subfield code="v">Periodicals.</marc:subfield>
          </marc:datafield>
          <marc:datafield ind1=" " ind2="2" tag="650">
            <marc:subfield code="a">Science</marc:subfield>
            <marc:subfield code="v">Periodicals.</marc:subfield>
          </marc:datafield>
          <marc:datafield ind1="1" ind2=" " tag="700">
            <marc:subfield code="a">Lockyer, Norman,</marc:subfield>
            <marc:subfield code="c">Sir,</marc:subfield>
            <marc:subfield code="d">1836-1920.</marc:subfield>
            <marc:subfield code="4">edt</marc:subfield>
          </marc:datafield>
          <marc:datafield ind1="2" ind2=" " tag="710">
            <marc:subfield code="a">Nature Publishing Group.</marc:subfield>
          </marc:datafield>
          <marc:datafield ind1="2" ind2=" " tag="710">
            <marc:subfield code="a">ProQuest Information and Learning Company.</marc:subfield>
          </marc:datafield>
          <marc:datafield ind1="2" ind2=" " tag="710">
            <marc:subfield code="a">Thomson Gale (Firm)</marc:subfield>
          </marc:datafield>
          <marc:datafield ind1="0" ind2="8" tag="776">
            <marc:subfield code="i">Online version:</marc:subfield>
            <marc:subfield code="t">Nature (Online)</marc:subfield>
            <marc:subfield code="w">(DLC)  2005233250</marc:subfield>
            <marc:subfield code="w">(OCoLC)47076528</marc:subfield>
          </marc:datafield>
          <marc:datafield ind1=" " ind2=" " tag="850">
            <marc:subfield code="a">AzU</marc:subfield>
            <marc:subfield code="a">CU</marc:subfield>
            <marc:subfield code="a">CU-A</marc:subfield>
            <marc:subfield code="a">CU-I</marc:subfield>
            <marc:subfield code="a">CU-RivA</marc:subfield>
            <marc:subfield code="a">CaNBFU</marc:subfield>
            <marc:subfield code="a">DLC</marc:subfield>
            <marc:subfield code="a">DNAL</marc:subfield>
            <marc:subfield code="a">ICRL</marc:subfield>
            <marc:subfield code="a">In</marc:subfield>
            <marc:subfield code="a">KyLoU</marc:subfield>
            <marc:subfield code="a">MCM</marc:subfield>
            <marc:subfield code="a">MH-PR</marc:subfield>
            <marc:subfield code="a">MiU</marc:subfield>
            <marc:subfield code="a">MoSU</marc:subfield>
            <marc:subfield code="a">NN</marc:subfield>
            <marc:subfield code="a">NNC</marc:subfield>
            <marc:subfield code="a">NcD</marc:subfield>
            <marc:subfield code="a">NcRS</marc:subfield>
            <marc:subfield code="a">NjR</marc:subfield>
            <marc:subfield code="a">OrU-S</marc:subfield>
            <marc:subfield code="a">PU</marc:subfield>
            <marc:subfield code="a">ViU</marc:subfield>
          </marc:datafield>
          <marc:datafield ind1="4" ind2="0" tag="856">
            <marc:subfield code="z">Full text</marc:subfield>
            <marc:subfield code="u">http://TQ7XH3EE6L.search.serialssolutions.com/?V=1.0&amp;L=TQ7XH3EE6L&amp;S=JCs&amp;C=NATULO&amp;T=marc</marc:subfield>
          </marc:datafield>
          <marc:datafield ind1=" " ind2=" " tag="999">
            <marc:subfield code="a">Journal RCL Internet SS</marc:subfield>
          </marc:datafield>
          <marc:datafield tag="931" ind1=" " ind2=" ">
            <marc:subfield code="a">Text</marc:subfield>
            <marc:subfield code="5">UIUdb</marc:subfield>
          </marc:datafield>
          <marc:datafield tag="932" ind1=" " ind2=" ">
            <marc:subfield code="a">Language material</marc:subfield>
            <marc:subfield code="5">UIUdb</marc:subfield>
          </marc:datafield>
          <marc:datafield tag="932" ind1=" " ind2=" ">
            <marc:subfield code="a">Computer file</marc:subfield>
            <marc:subfield code="5">UIUdb</marc:subfield>
          </marc:datafield>
          <marc:datafield tag="933" ind1=" " ind2=" ">
            <marc:subfield code="a">Text</marc:subfield>
            <marc:subfield code="5">UIUdb</marc:subfield>
          </marc:datafield>
          <marc:datafield tag="935" ind1=" " ind2=" ">
            <marc:subfield code="a">Serial</marc:subfield>
            <marc:subfield code="5">UIUdb</marc:subfield>
          </marc:datafield>
          <marc:datafield tag="933" ind1=" " ind2=" ">
            <marc:subfield code="a">Electronic resource</marc:subfield>
            <marc:subfield code="5">UIUdb</marc:subfield>
          </marc:datafield>
          <marc:datafield tag="934" ind1=" " ind2=" ">
            <marc:subfield code="a">Remote</marc:subfield>
            <marc:subfield code="5">UIUdb</marc:subfield>
          </marc:datafield>
          <marc:datafield tag="937" ind1=" " ind2=" ">
            <marc:subfield code="a">Non-Fiction</marc:subfield>
            <marc:subfield code="5">UIUdb</marc:subfield>
          </marc:datafield>
          <marc:datafield tag="939" ind1=" " ind2=" ">
            <marc:subfield code="a">1869-    </marc:subfield>
            <marc:subfield code="5">UIUdb</marc:subfield>
          </marc:datafield>
          <marc:datafield tag="941" ind1=" " ind2=" ">
            <marc:subfield code="a">eng</marc:subfield>
            <marc:subfield code="5">UIUdb</marc:subfield>
          </marc:datafield>
          <marc:datafield tag="943" ind1=" " ind2=" ">
            <marc:subfield code="a">English</marc:subfield>
            <marc:subfield code="5">UIUdb</marc:subfield>
          </marc:datafield>
          <marc:datafield tag="035" ind1=" " ind2=" ">
            <marc:subfield code="a">(UIUdb)4601376</marc:subfield>
          </marc:datafield>
          <marc:datafield tag="965" ind1=" " ind2="0">
            <marc:subfield code="a">Science</marc:subfield>
            <marc:subfield code="5">UIUdb</marc:subfield>
          </marc:datafield>
          <marc:datafield tag="965" ind1=" " ind2="2">
            <marc:subfield code="a">Science</marc:subfield>
            <marc:subfield code="5">UIUdb</marc:subfield>
          </marc:datafield>
          <marc:datafield tag="969" ind1=" " ind2="0">
            <marc:subfield code="v">Periodicals.</marc:subfield>
            <marc:subfield code="5">UIUdb</marc:subfield>
          </marc:datafield>
          <marc:datafield tag="969" ind1=" " ind2="2">
            <marc:subfield code="v">Periodicals.</marc:subfield>
            <marc:subfield code="5">UIUdb</marc:subfield>
          </marc:datafield>
        </marc:record>
      </metadata>
    </record>