
    <record>
      <header>
        <identifier>oai:mst.rochester.edu:MetadataServicesToolkit/marcnormalization/49</identifier>
        <datestamp>2012-01-27T15:16:08Z</datestamp>
        <setSpec>MARCXMLbibliographic</setSpec>
      </header>
      <metadata>
        <marc:record xmlns:marc="http://www.loc.gov/MARC21/slim" xmlns:xsi="http://www.w3.org/2001/XMLSchema-instance" xsi:schemaLocation="http://www.loc.gov/MARC21/slim http://localhost:8080/OAIToolkit/schema/MARC21slim_custom.xsd">
          <marc:leader>02388cjm a2200625 a 4500</marc:leader>
          <marc:controlfield tag="001">1162756</marc:controlfield>
          <marc:controlfield tag="005">20070323162454.0</marc:controlfield>
          <marc:controlfield tag="007">sd fzngnn   eu</marc:controlfield>
          <marc:controlfield tag="003">UIUdb</marc:controlfield>
          <marc:controlfield tag="008">880426p19881987nyuopn   dfhiz      eng d</marc:controlfield>
          <marc:datafield ind1=" " ind2=" " tag="019">
            <marc:subfield code="a">19077572</marc:subfield>
            <marc:subfield code="a">20166802</marc:subfield>
            <marc:subfield code="a">20239113</marc:subfield>
            <marc:subfield code="a">21101033</marc:subfield>
            <marc:subfield code="a">21200195</marc:subfield>
          </marc:datafield>
          <marc:datafield ind1="1" ind2=" " tag="024">
            <marc:subfield code="a">7559791772</marc:subfield>
          </marc:datafield>
          <marc:datafield ind1="0" ind2="0" tag="028">
            <marc:subfield code="a">9 79177-2</marc:subfield>
            <marc:subfield code="b">Elektra/Nonesuch</marc:subfield>
          </marc:datafield>
          <marc:datafield ind1="0" ind2="0" tag="028">
            <marc:subfield code="a">79177-2</marc:subfield>
            <marc:subfield code="b">Elektra/Nonesuch</marc:subfield>
          </marc:datafield>
          <marc:datafield ind1="0" ind2=" " tag="033">
            <marc:subfield code="a">198712--</marc:subfield>
            <marc:subfield code="b">3804</marc:subfield>
            <marc:subfield code="c">N4</marc:subfield>
          </marc:datafield>
          <marc:datafield ind1=" " ind2=" " tag="035">
            <marc:subfield code="a">(OCoLC)17849781</marc:subfield>
          </marc:datafield>
          <marc:datafield ind1=" " ind2=" " tag="035">
            <marc:subfield code="9">01111811</marc:subfield>
          </marc:datafield>
          <marc:datafield ind1=" " ind2=" " tag="040">
            <marc:subfield code="a">SNN</marc:subfield>
            <marc:subfield code="c">SNN</marc:subfield>
            <marc:subfield code="d">ENG</marc:subfield>
            <marc:subfield code="d">OCL</marc:subfield>
            <marc:subfield code="d">RES</marc:subfield>
          </marc:datafield>
          <marc:datafield ind1="2" ind2=" " tag="045">
            <marc:subfield code="b">d1985</marc:subfield>
            <marc:subfield code="b">d1987</marc:subfield>
          </marc:datafield>
          <marc:datafield ind1=" " ind2=" " tag="049">
            <marc:subfield code="a">RESP</marc:subfield>
          </marc:datafield>
          <marc:datafield ind1=" " ind2=" " tag="099">
            <marc:subfield code="a">CD</marc:subfield>
            <marc:subfield code="a">2960</marc:subfield>
          </marc:datafield>
          <marc:datafield ind1=" " ind2=" " tag="099">
            <marc:subfield code="a">CD 2960</marc:subfield>
          </marc:datafield>
          <marc:datafield ind1="1" ind2=" " tag="100">
            <marc:subfield code="a">Adams, John,</marc:subfield>
            <marc:subfield code="d">1947-</marc:subfield>
          </marc:datafield>
          <marc:datafield ind1="1" ind2="0" tag="240">
            <marc:subfield code="a">Nixon in China</marc:subfield>
          </marc:datafield>
          <marc:datafield ind1="1" ind2="0" tag="245">
            <marc:subfield code="a">Nixon in China</marc:subfield>
            <marc:subfield code="h">[sound recording] /</marc:subfield>
            <marc:subfield code="c">John Adams ; libretto by Alice Goodman.</marc:subfield>
          </marc:datafield>
          <marc:datafield ind1=" " ind2=" " tag="260">
            <marc:subfield code="a">New York, N.Y. :</marc:subfield>
            <marc:subfield code="b">Elektra/Nonesuch,</marc:subfield>
            <marc:subfield code="c">p1988.</marc:subfield>
          </marc:datafield>
          <marc:datafield ind1=" " ind2=" " tag="300">
            <marc:subfield code="a">3 sound discs (145 min.) :</marc:subfield>
            <marc:subfield code="b">digital ;</marc:subfield>
            <marc:subfield code="c">4 3/4 in.</marc:subfield>
          </marc:datafield>
          <marc:datafield ind1=" " ind2=" " tag="306">
            <marc:subfield code="a">022445</marc:subfield>
          </marc:datafield>
          <marc:datafield ind1=" " ind2=" " tag="500">
            <marc:subfield code="a">Elektra/Nonesuch: 79177-2 (on container: 9 79177-2)</marc:subfield>
          </marc:datafield>
          <marc:datafield ind1=" " ind2=" " tag="500">
            <marc:subfield code="a">Opera in 3 acts.</marc:subfield>
          </marc:datafield>
          <marc:datafield ind1=" " ind2=" " tag="500">
            <marc:subfield code="a">Compact discs.</marc:subfield>
          </marc:datafield>
          <marc:datafield ind1=" " ind2=" " tag="500">
            <marc:subfield code="a">Notes by Alice Goodman and Michael Steinberg, synopsis, biographical notes on the historical characters and the performers, and libretto (64 p. : ill.) inserted in slip case.</marc:subfield>
          </marc:datafield>
          <marc:datafield ind1=" " ind2=" " tag="500">
            <marc:subfield code="a">Also issued as cassettes and analog discs.</marc:subfield>
          </marc:datafield>
          <marc:datafield ind1=" " ind2=" " tag="500">
            <marc:subfield code="a">Ed. recorded: Red Dawn Music.</marc:subfield>
          </marc:datafield>
          <marc:datafield ind1="0" ind2=" " tag="511">
            <marc:subfield code="a">Mari Opatz ; Stephanie Friedman ; Marion Dry ; Carolann Page ; Trudy Ellen Craney ; Sanford Sylvan ; James Maddalena ; Thomas Hammons ; John Duykers ; chorus ; Orchestra of St. Luke's ; Edo de Waart, conductor.</marc:subfield>
          </marc:datafield>
          <marc:datafield ind1=" " ind2=" " tag="518">
            <marc:subfield code="a">Recorded Dec. 1987 in RCA Studio A, New York City.</marc:subfield>
          </marc:datafield>
          <marc:datafield ind1=" " ind2=" " tag="546">
            <marc:subfield code="a">Sung in English.</marc:subfield>
          </marc:datafield>
          <marc:datafield ind1="1" ind2="0" tag="600">
            <marc:subfield code="a">Nixon, Richard M.</marc:subfield>
            <marc:subfield code="q">(Richard Milhous),</marc:subfield>
            <marc:subfield code="d">1913-1994</marc:subfield>
            <marc:subfield code="x">Drama.</marc:subfield>
          </marc:datafield>
          <marc:datafield ind1="1" ind2="0" tag="600">
            <marc:subfield code="a">Mao, Tse-tung,</marc:subfield>
            <marc:subfield code="d">1893-1976</marc:subfield>
            <marc:subfield code="x">Drama.</marc:subfield>
          </marc:datafield>
          <marc:datafield ind1=" " ind2="0" tag="650">
            <marc:subfield code="a">Operas.</marc:subfield>
          </marc:datafield>
          <marc:datafield ind1=" " ind2="7" tag="655">
            <marc:subfield code="a">Operas/Musicals.</marc:subfield>
            <marc:subfield code="2">local</marc:subfield>
            <marc:subfield code="5">NRU</marc:subfield>
          </marc:datafield>
          <marc:datafield ind1="1" ind2=" " tag="700">
            <marc:subfield code="a">Goodman, Alice.</marc:subfield>
            <marc:subfield code="4">lbt.</marc:subfield>
          </marc:datafield>
          <marc:datafield ind1="1" ind2=" " tag="700">
            <marc:subfield code="a">Opatz, Mari.</marc:subfield>
            <marc:subfield code="4">prf.</marc:subfield>
          </marc:datafield>
          <marc:datafield ind1="1" ind2=" " tag="700">
            <marc:subfield code="a">Friedman, Stephanie.</marc:subfield>
            <marc:subfield code="4">prf.</marc:subfield>
          </marc:datafield>
          <marc:datafield ind1="1" ind2=" " tag="700">
            <marc:subfield code="a">Dry, Marion.</marc:subfield>
            <marc:subfield code="4">prf.</marc:subfield>
          </marc:datafield>
          <marc:datafield ind1="1" ind2=" " tag="700">
            <marc:subfield code="a">Page, Carolann.</marc:subfield>
            <marc:subfield code="4">prf.</marc:subfield>
          </marc:datafield>
          <marc:datafield ind1="1" ind2=" " tag="700">
            <marc:subfield code="a">Craney, Trudy Ellen.</marc:subfield>
            <marc:subfield code="4">prf.</marc:subfield>
          </marc:datafield>
          <marc:datafield ind1="1" ind2=" " tag="700">
            <marc:subfield code="a">Sylvan, Sanford.</marc:subfield>
            <marc:subfield code="4">prf.</marc:subfield>
          </marc:datafield>
          <marc:datafield ind1="1" ind2=" " tag="700">
            <marc:subfield code="a">Maddalena, James.</marc:subfield>
            <marc:subfield code="4">prf.</marc:subfield>
          </marc:datafield>
          <marc:datafield ind1="1" ind2=" " tag="700">
            <marc:subfield code="a">Hammons, Thomas.</marc:subfield>
            <marc:subfield code="4">prf.</marc:subfield>
          </marc:datafield>
          <marc:datafield ind1="1" ind2=" " tag="700">
            <marc:subfield code="a">Duykers, John.</marc:subfield>
            <marc:subfield code="4">prf.</marc:subfield>
          </marc:datafield>
          <marc:datafield ind1="1" ind2=" " tag="700">
            <marc:subfield code="a">Waart, Edo de.</marc:subfield>
            <marc:subfield code="4">cnd.</marc:subfield>
          </marc:datafield>
          <marc:datafield ind1="2" ind2=" " tag="710">
            <marc:subfield code="a">Orchestra of St. Luke's.</marc:subfield>
            <marc:subfield code="4">prf.</marc:subfield>
          </marc:datafield>
          <marc:datafield ind1=" " ind2=" " tag="910">
            <marc:subfield code="a">950805</marc:subfield>
          </marc:datafield>
          <marc:datafield ind1=" " ind2=" " tag="911">
            <marc:subfield code="a">p</marc:subfield>
          </marc:datafield>
          <marc:datafield ind1=" " ind2=" " tag="966">
            <marc:subfield code="l">/Recrd</marc:subfield>
            <marc:subfield code="m">SRECRD</marc:subfield>
            <marc:subfield code="s">CD 2960</marc:subfield>
            <marc:subfield code="c">1</marc:subfield>
            <marc:subfield code="b">39087013501319</marc:subfield>
          </marc:datafield>
          <marc:datafield tag="931" ind1=" " ind2=" ">
            <marc:subfield code="a">Sound</marc:subfield>
            <marc:subfield code="5">UIUdb</marc:subfield>
          </marc:datafield>
          <marc:datafield tag="932" ind1=" " ind2=" ">
            <marc:subfield code="a">Musical sound recording</marc:subfield>
            <marc:subfield code="5">UIUdb</marc:subfield>
          </marc:datafield>
          <marc:datafield tag="933" ind1=" " ind2=" ">
            <marc:subfield code="a">Sound recording</marc:subfield>
            <marc:subfield code="5">UIUdb</marc:subfield>
          </marc:datafield>
          <marc:datafield tag="935" ind1=" " ind2=" ">
            <marc:subfield code="a">Monograph/Item</marc:subfield>
            <marc:subfield code="5">UIUdb</marc:subfield>
          </marc:datafield>
          <marc:datafield tag="934" ind1=" " ind2=" ">
            <marc:subfield code="a">Sound disk</marc:subfield>
            <marc:subfield code="5">UIUdb</marc:subfield>
          </marc:datafield>
          <marc:datafield tag="941" ind1=" " ind2=" ">
            <marc:subfield code="a">eng</marc:subfield>
            <marc:subfield code="5">UIUdb</marc:subfield>
          </marc:datafield>
          <marc:datafield tag="943" ind1=" " ind2=" ">
            <marc:subfield code="a">English</marc:subfield>
            <marc:subfield code="5">UIUdb</marc:subfield>
          </marc:datafield>
          <marc:datafield tag="035" ind1=" " ind2=" ">
            <marc:subfield code="a">(UIUdb)1162756</marc:subfield>
          </marc:datafield>
          <marc:datafield tag="965" ind1="1" ind2="0">
            <marc:subfield code="a">Nixon, Richard M.</marc:subfield>
            <marc:subfield code="q">(Richard Milhous),</marc:subfield>
            <marc:subfield code="d">1913-1994</marc:subfield>
            <marc:subfield code="5">UIUdb</marc:subfield>
          </marc:datafield>
          <marc:datafield tag="965" ind1="1" ind2="0">
            <marc:subfield code="a">Mao, Tse-tung,</marc:subfield>
            <marc:subfield code="d">1893-1976</marc:subfield>
            <marc:subfield code="5">UIUdb</marc:subfield>
          </marc:datafield>
          <marc:datafield tag="965" ind1="1" ind2="0">
            <marc:subfield code="x">Drama.</marc:subfield>
            <marc:subfield code="5">UIUdb</marc:subfield>
          </marc:datafield>
        </marc:record>
      </metadata>
    </record>