
    <record>
      <header>
        <identifier>oai:mst.rochester.edu:MetadataServicesToolkit/marcnormalization/50</identifier>
        <datestamp>2012-01-27T15:16:08Z</datestamp>
        <setSpec>MARCXMLbibliographic</setSpec>
      </header>
      <metadata>
        <marc:record xmlns:marc="http://www.loc.gov/MARC21/slim" xmlns:xsi="http://www.w3.org/2001/XMLSchema-instance" xsi:schemaLocation="http://www.loc.gov/MARC21/slim http://localhost:8080/OAIToolkit/schema/MARC21slim_custom.xsd">
          <marc:leader>01807cjm a22004450  4500</marc:leader>
          <marc:controlfield tag="001">883841</marc:controlfield>
          <marc:controlfield tag="005">20070323162450.0</marc:controlfield>
          <marc:controlfield tag="007">ss lknjlc   c</marc:controlfield>
          <marc:controlfield tag="003">UIUdb</marc:controlfield>
          <marc:controlfield tag="008">880525s1988    nyuopn   d          eng d</marc:controlfield>
          <marc:datafield ind1="0" ind2="0" tag="028">
            <marc:subfield code="a">79177-4</marc:subfield>
            <marc:subfield code="b">Elektra/Nonesuch</marc:subfield>
          </marc:datafield>
          <marc:datafield ind1="0" ind2="0" tag="028">
            <marc:subfield code="a">9 79177-4</marc:subfield>
            <marc:subfield code="b">Elektra/Nonesuch</marc:subfield>
          </marc:datafield>
          <marc:datafield ind1=" " ind2=" " tag="035">
            <marc:subfield code="a">(OCoLC)17999521</marc:subfield>
          </marc:datafield>
          <marc:datafield ind1=" " ind2=" " tag="035">
            <marc:subfield code="9">00825467</marc:subfield>
          </marc:datafield>
          <marc:datafield ind1=" " ind2=" " tag="040">
            <marc:subfield code="a">UUP</marc:subfield>
            <marc:subfield code="c">UUP</marc:subfield>
            <marc:subfield code="d">RES</marc:subfield>
          </marc:datafield>
          <marc:datafield ind1=" " ind2=" " tag="049">
            <marc:subfield code="a">RESP</marc:subfield>
          </marc:datafield>
          <marc:datafield ind1=" " ind2=" " tag="099">
            <marc:subfield code="a">Media 63</marc:subfield>
          </marc:datafield>
          <marc:datafield ind1="1" ind2=" " tag="100">
            <marc:subfield code="a">Adams, John,</marc:subfield>
            <marc:subfield code="d">1947-</marc:subfield>
          </marc:datafield>
          <marc:datafield ind1="1" ind2="0" tag="240">
            <marc:subfield code="a">Nixon in China</marc:subfield>
          </marc:datafield>
          <marc:datafield ind1="1" ind2="0" tag="245">
            <marc:subfield code="a">Nixon in China</marc:subfield>
            <marc:subfield code="h">[sound recording] /</marc:subfield>
            <marc:subfield code="c">John Adams ; libretto by Alice Goodman.</marc:subfield>
          </marc:datafield>
          <marc:datafield ind1=" " ind2=" " tag="260">
            <marc:subfield code="a">New York, N.Y. :</marc:subfield>
            <marc:subfield code="b">Elektra/ Nonesuch,</marc:subfield>
            <marc:subfield code="c">p1988.</marc:subfield>
          </marc:datafield>
          <marc:datafield ind1=" " ind2=" " tag="300">
            <marc:subfield code="a">2 sound cassettes (145 min.) :</marc:subfield>
            <marc:subfield code="b">analog, Dolby processed +</marc:subfield>
            <marc:subfield code="e">libretto (64 p. : ill., ports. (some col.) ; 13 x 14 cm.)</marc:subfield>
          </marc:datafield>
          <marc:datafield ind1=" " ind2=" " tag="306">
            <marc:subfield code="a">022500</marc:subfield>
          </marc:datafield>
          <marc:datafield ind1=" " ind2=" " tag="500">
            <marc:subfield code="a">Digital recording.</marc:subfield>
          </marc:datafield>
          <marc:datafield ind1=" " ind2=" " tag="500">
            <marc:subfield code="a">Elektra/Nonesuch: 79177-4 (on container: 9 79177-4).</marc:subfield>
          </marc:datafield>
          <marc:datafield ind1="0" ind2=" " tag="511">
            <marc:subfield code="a">Trudy Ellen Craney, soprano; Carolann Page, soprano; Marian Dry, mezzosoprano; Stephanie Friedman, mezzosoprano; Mari Opatz, mezzosoprano; John Duykers, tenor; Thomas Hammons, baritone; James Maddalena, baritone; Sanford Sylvan, baritone; with chorus; Orchestra of St. Luke's; Edo de Waart, conductor.</marc:subfield>
          </marc:datafield>
          <marc:datafield ind1=" " ind2=" " tag="518">
            <marc:subfield code="a">Recorded December 1987 at RCA Studio A, New York City.</marc:subfield>
          </marc:datafield>
          <marc:datafield ind1="1" ind2="0" tag="600">
            <marc:subfield code="a">Nixon, Richard M.</marc:subfield>
            <marc:subfield code="q">(Richard Milhous),</marc:subfield>
            <marc:subfield code="d">1913-1994</marc:subfield>
            <marc:subfield code="x">Drama.</marc:subfield>
          </marc:datafield>
          <marc:datafield ind1="1" ind2="0" tag="600">
            <marc:subfield code="a">Mao, Tse-tung,</marc:subfield>
            <marc:subfield code="d">1893-1976</marc:subfield>
            <marc:subfield code="x">Drama.</marc:subfield>
          </marc:datafield>
          <marc:datafield ind1=" " ind2="0" tag="650">
            <marc:subfield code="a">Operas.</marc:subfield>
          </marc:datafield>
          <marc:datafield ind1="1" ind2=" " tag="700">
            <marc:subfield code="a">Goodman, Alice.</marc:subfield>
            <marc:subfield code="4">lbt.</marc:subfield>
          </marc:datafield>
          <marc:datafield ind1="1" ind2=" " tag="700">
            <marc:subfield code="a">Craney, Trudy Ellen.</marc:subfield>
            <marc:subfield code="4">prf.</marc:subfield>
          </marc:datafield>
          <marc:datafield ind1="1" ind2=" " tag="700">
            <marc:subfield code="a">Page, Carolann.</marc:subfield>
            <marc:subfield code="4">prf.</marc:subfield>
          </marc:datafield>
          <marc:datafield ind1="1" ind2=" " tag="700">
            <marc:subfield code="a">Duykers, John.</marc:subfield>
            <marc:subfield code="4">prf.</marc:subfield>
          </marc:datafield>
          <marc:datafield ind1="1" ind2=" " tag="700">
            <marc:subfield code="a">Waart, Edo de.</marc:subfield>
            <marc:subfield code="4">cnd.</marc:subfield>
          </marc:datafield>
          <marc:datafield ind1="1" ind2=" " tag="700">
            <marc:subfield code="a">Maddalena, James.</marc:subfield>
            <marc:subfield code="4">prf.</marc:subfield>
          </marc:datafield>
          <marc:datafield ind1="1" ind2=" " tag="700">
            <marc:subfield code="a">Sylvan, Sanford.</marc:subfield>
            <marc:subfield code="4">prf.</marc:subfield>
          </marc:datafield>
          <marc:datafield ind1="2" ind2=" " tag="710">
            <marc:subfield code="a">Orchestra of St. Luke's.</marc:subfield>
            <marc:subfield code="4">prf.</marc:subfield>
          </marc:datafield>
          <marc:datafield ind1=" " ind2=" " tag="910">
            <marc:subfield code="a">950805</marc:subfield>
          </marc:datafield>
          <marc:datafield ind1=" " ind2=" " tag="911">
            <marc:subfield code="a">p</marc:subfield>
          </marc:datafield>
          <marc:datafield ind1=" " ind2=" " tag="966">
            <marc:subfield code="l">/Media</marc:subfield>
            <marc:subfield code="m">SMEDIA</marc:subfield>
            <marc:subfield code="s">Media 63</marc:subfield>
            <marc:subfield code="c">1</marc:subfield>
            <marc:subfield code="b">39087009876949</marc:subfield>
          </marc:datafield>
          <marc:datafield tag="931" ind1=" " ind2=" ">
            <marc:subfield code="a">Sound</marc:subfield>
            <marc:subfield code="5">UIUdb</marc:subfield>
          </marc:datafield>
          <marc:datafield tag="932" ind1=" " ind2=" ">
            <marc:subfield code="a">Musical sound recording</marc:subfield>
            <marc:subfield code="5">UIUdb</marc:subfield>
          </marc:datafield>
          <marc:datafield tag="933" ind1=" " ind2=" ">
            <marc:subfield code="a">Sound recording</marc:subfield>
            <marc:subfield code="5">UIUdb</marc:subfield>
          </marc:datafield>
          <marc:datafield tag="935" ind1=" " ind2=" ">
            <marc:subfield code="a">Monograph/Item</marc:subfield>
            <marc:subfield code="5">UIUdb</marc:subfield>
          </marc:datafield>
          <marc:datafield tag="934" ind1=" " ind2=" ">
            <marc:subfield code="a">Sound cassette</marc:subfield>
            <marc:subfield code="5">UIUdb</marc:subfield>
          </marc:datafield>
          <marc:datafield tag="941" ind1=" " ind2=" ">
            <marc:subfield code="a">eng</marc:subfield>
            <marc:subfield code="5">UIUdb</marc:subfield>
          </marc:datafield>
          <marc:datafield tag="943" ind1=" " ind2=" ">
            <marc:subfield code="a">English</marc:subfield>
            <marc:subfield code="5">UIUdb</marc:subfield>
          </marc:datafield>
          <marc:datafield tag="035" ind1=" " ind2=" ">
            <marc:subfield code="a">(UIUdb)883841</marc:subfield>
          </marc:datafield>
          <marc:datafield tag="965" ind1="1" ind2="0">
            <marc:subfield code="a">Nixon, Richard M.</marc:subfield>
            <marc:subfield code="q">(Richard Milhous),</marc:subfield>
            <marc:subfield code="d">1913-1994</marc:subfield>
            <marc:subfield code="5">UIUdb</marc:subfield>
          </marc:datafield>
          <marc:datafield tag="965" ind1="1" ind2="0">
            <marc:subfield code="a">Mao, Tse-tung,</marc:subfield>
            <marc:subfield code="d">1893-1976</marc:subfield>
            <marc:subfield code="5">UIUdb</marc:subfield>
          </marc:datafield>
          <marc:datafield tag="965" ind1="1" ind2="0">
            <marc:subfield code="x">Drama.</marc:subfield>
            <marc:subfield code="5">UIUdb</marc:subfield>
          </marc:datafield>
        </marc:record>
      </metadata>
    </record>