
    <record>
      <header>
        <identifier>oai:mst.rochester.edu:MetadataServicesToolkit/marcnormalization/52</identifier>
        <datestamp>2012-01-27T15:16:08Z</datestamp>
        <setSpec>MARCXMLbibliographic</setSpec>
      </header>
      <metadata>
        <marc:record xmlns:marc="http://www.loc.gov/MARC21/slim" xmlns:xsi="http://www.w3.org/2001/XMLSchema-instance" xsi:schemaLocation="http://www.loc.gov/MARC21/slim http://localhost:8080/OAIToolkit/schema/MARC21slim_custom.xsd">
          <marc:leader>03915cgm a2200661Ia 4500</marc:leader>
          <marc:controlfield tag="001">3075165</marc:controlfield>
          <marc:controlfield tag="005">20100128205013.0</marc:controlfield>
          <marc:controlfield tag="007">vd cvaizq</marc:controlfield>
          <marc:controlfield tag="003">UIUdb</marc:controlfield>
          <marc:controlfield tag="008">051221p20062005cau157 g          vleng d</marc:controlfield>
          <marc:datafield ind1=" " ind2=" " tag="020">
            <marc:subfield code="a">1419827561</marc:subfield>
          </marc:datafield>
          <marc:datafield ind1="1" ind2=" " tag="024">
            <marc:subfield code="a">01256976453</marc:subfield>
          </marc:datafield>
          <marc:datafield ind1="4" ind2="0" tag="028">
            <marc:subfield code="a">76453</marc:subfield>
          </marc:datafield>
          <marc:datafield ind1=" " ind2=" " tag="035">
            <marc:subfield code="a">(OCoLC)62724153</marc:subfield>
          </marc:datafield>
          <marc:datafield ind1=" " ind2=" " tag="035">
            <marc:subfield code="a">3075165</marc:subfield>
          </marc:datafield>
          <marc:datafield ind1=" " ind2=" " tag="037">
            <marc:subfield code="b">Midwest Tapes</marc:subfield>
            <marc:subfield code="n">http://www.midwesttapes.com</marc:subfield>
          </marc:datafield>
          <marc:datafield ind1=" " ind2=" " tag="040">
            <marc:subfield code="a">TEFMT</marc:subfield>
            <marc:subfield code="c">TEFMT</marc:subfield>
            <marc:subfield code="d">TEF</marc:subfield>
            <marc:subfield code="d">IUK</marc:subfield>
            <marc:subfield code="d">MNL</marc:subfield>
          </marc:datafield>
          <marc:datafield ind1="1" ind2=" " tag="041">
            <marc:subfield code="a">eng</marc:subfield>
            <marc:subfield code="a">spa</marc:subfield>
            <marc:subfield code="b">eng</marc:subfield>
            <marc:subfield code="b">fre</marc:subfield>
            <marc:subfield code="b">spa</marc:subfield>
            <marc:subfield code="h">eng</marc:subfield>
          </marc:datafield>
          <marc:datafield ind1=" " ind2=" " tag="049">
            <marc:subfield code="a">RRRR</marc:subfield>
          </marc:datafield>
          <marc:datafield ind1="1" ind2="4" tag="050">
            <marc:subfield code="a">PN1995.9.A3</marc:subfield>
            <marc:subfield code="b">H3779 2006</marc:subfield>
          </marc:datafield>
          <marc:datafield ind1="0" ind2="4" tag="082">
            <marc:subfield code="a">791.43/72</marc:subfield>
            <marc:subfield code="2">22</marc:subfield>
          </marc:datafield>
          <marc:datafield ind1=" " ind2=" " tag="090">
            <marc:subfield code="a">PN1995.9.F36</marc:subfield>
            <marc:subfield code="b">H37 2006</marc:subfield>
          </marc:datafield>
          <marc:datafield ind1="0" ind2="0" tag="245">
            <marc:subfield code="a">Harry Potter and the goblet of fire</marc:subfield>
            <marc:subfield code="h">[videorecording] /</marc:subfield>
            <marc:subfield code="c">Warner Bros. Pictures presents a Heyday Films production ; a Mike Newell film ; producer, David Heyman ; screenplay, Steve Kloves ; directed by Mike Newell.</marc:subfield>
          </marc:datafield>
          <marc:datafield ind1=" " ind2=" " tag="250">
            <marc:subfield code="a">Widescreen ed.</marc:subfield>
          </marc:datafield>
          <marc:datafield ind1=" " ind2=" " tag="260">
            <marc:subfield code="a">Burbank, CA :</marc:subfield>
            <marc:subfield code="b">Warner Home Video,</marc:subfield>
            <marc:subfield code="c">2006.</marc:subfield>
          </marc:datafield>
          <marc:datafield ind1=" " ind2=" " tag="300">
            <marc:subfield code="a">1 videodisc (157 min.) :</marc:subfield>
            <marc:subfield code="b">sd., col. ;</marc:subfield>
            <marc:subfield code="c">4 3/4 in.</marc:subfield>
          </marc:datafield>
          <marc:datafield ind1=" " ind2=" " tag="500">
            <marc:subfield code="a">Based on the novel by J.K. Rowling.</marc:subfield>
          </marc:datafield>
          <marc:datafield ind1=" " ind2=" " tag="500">
            <marc:subfield code="a">Originally released as a motion picture in 2005.</marc:subfield>
          </marc:datafield>
          <marc:datafield ind1=" " ind2=" " tag="500">
            <marc:subfield code="a">Special features: additional scenes; conversations with the cast; preparing for the yule ball; reflections on the fourth film; triwizard tournament: dragon arena; triwizard tournament: lake; triwizard tournament: maze; insert this disc into your PC's DVD-ROM drive.</marc:subfield>
          </marc:datafield>
          <marc:datafield ind1=" " ind2=" " tag="508">
            <marc:subfield code="a">Director of photography, Roger Pratt ; art directors, Mark Bartholomew ... [et al.] ; editor, Mick Audsley ; music, Patrick Doyle ; costume designer, Jany Temime ; production designer, Stuart Craig ; visual effects supervisors, Tim Burke, Charley Henley, Jim Mitchell, Stuart Pitcher ; special effects supervisor, Dominic Tuohy.</marc:subfield>
          </marc:datafield>
          <marc:datafield ind1="1" ind2=" " tag="511">
            <marc:subfield code="a">Daniel Radcliffe, Emma Watson, Rupert Grint, Maggie Smith, Gary Olman, Miranda Richardson, Ralph Fiennes, Alan Rickman, Jason Isaacs.</marc:subfield>
          </marc:datafield>
          <marc:datafield ind1=" " ind2=" " tag="520">
            <marc:subfield code="a">Harry's fourth year at Hogwarts is marked by the Quidditch World Cup and the Triwizard Tournament, in which student representatives from three different wizarding schools compete in a series of increasingly challenging contests. However, Voldemort's Death Eaters are gaining strength and create the Dark Mark - giving evidence that the Dark Lord is ready to rise again. In the unsuspecting lives of the students at Hogwarts, the competitors are selected by the goblet of fire, which this year makes a very surprising announcement: Hogwarts will have two representatives in the tournament, including Harry. Now Harry has to rise to the challenge for the Tri Wizard Tournament while keeping up with school.</marc:subfield>
          </marc:datafield>
          <marc:datafield ind1="8" ind2=" " tag="521">
            <marc:subfield code="a">MPAA rating: PG-13; for sequences of fantasy violence and frightening images.</marc:subfield>
          </marc:datafield>
          <marc:datafield ind1=" " ind2=" " tag="538">
            <marc:subfield code="a">DVD; region 1 encoding; widescreen presentation; dual-layer format.</marc:subfield>
          </marc:datafield>
          <marc:datafield ind1=" " ind2=" " tag="546">
            <marc:subfield code="a">Closed captioned ; dialogue in English (5.1 Dolby Surround) or Spanish (5.1 Dolby Surround) with optional subtitles in English, French or Spanish.</marc:subfield>
          </marc:datafield>
          <marc:datafield ind1=" " ind2="0" tag="650">
            <marc:subfield code="a">Potter, Harry (Fictitious character)</marc:subfield>
          </marc:datafield>
          <marc:datafield ind1=" " ind2="0" tag="650">
            <marc:subfield code="a">Hogwarts School of Witchcraft and Wizardry (Imaginary organization)</marc:subfield>
          </marc:datafield>
          <marc:datafield ind1=" " ind2="0" tag="655">
            <marc:subfield code="a">Video recordings for the hearing impaired.</marc:subfield>
          </marc:datafield>
          <marc:datafield ind1=" " ind2="7" tag="655">
            <marc:subfield code="a">Fantasy.</marc:subfield>
            <marc:subfield code="2">migfg</marc:subfield>
          </marc:datafield>
          <marc:datafield ind1=" " ind2="7" tag="655">
            <marc:subfield code="a">Adventure.</marc:subfield>
            <marc:subfield code="2">migfg</marc:subfield>
          </marc:datafield>
          <marc:datafield ind1="1" ind2=" " tag="700">
            <marc:subfield code="a">Heyman, David.</marc:subfield>
            <marc:subfield code="4">pro</marc:subfield>
          </marc:datafield>
          <marc:datafield ind1="1" ind2=" " tag="700">
            <marc:subfield code="a">Kloves, Steven.</marc:subfield>
            <marc:subfield code="4">aus</marc:subfield>
          </marc:datafield>
          <marc:datafield ind1="1" ind2=" " tag="700">
            <marc:subfield code="a">Newell, Mike,</marc:subfield>
            <marc:subfield code="d">1942-</marc:subfield>
            <marc:subfield code="4">drt</marc:subfield>
          </marc:datafield>
          <marc:datafield ind1="1" ind2=" " tag="700">
            <marc:subfield code="a">Radcliffe, Daniel,</marc:subfield>
            <marc:subfield code="d">1989-</marc:subfield>
            <marc:subfield code="4">act</marc:subfield>
          </marc:datafield>
          <marc:datafield ind1="1" ind2=" " tag="700">
            <marc:subfield code="a">Watson, Emma,</marc:subfield>
            <marc:subfield code="d">1990-</marc:subfield>
            <marc:subfield code="4">act</marc:subfield>
          </marc:datafield>
          <marc:datafield ind1="1" ind2=" " tag="700">
            <marc:subfield code="a">Grint, Rupert,</marc:subfield>
            <marc:subfield code="d">1988-</marc:subfield>
            <marc:subfield code="4">act</marc:subfield>
          </marc:datafield>
          <marc:datafield ind1="1" ind2=" " tag="700">
            <marc:subfield code="a">Smith, Maggie,</marc:subfield>
            <marc:subfield code="d">1934-</marc:subfield>
            <marc:subfield code="4">act</marc:subfield>
          </marc:datafield>
          <marc:datafield ind1="1" ind2=" " tag="700">
            <marc:subfield code="a">Oldman, Gary.</marc:subfield>
            <marc:subfield code="4">act</marc:subfield>
          </marc:datafield>
          <marc:datafield ind1="1" ind2=" " tag="700">
            <marc:subfield code="a">Richardson, Miranda.</marc:subfield>
            <marc:subfield code="4">act</marc:subfield>
          </marc:datafield>
          <marc:datafield ind1="1" ind2=" " tag="700">
            <marc:subfield code="a">Fiennes, Ralph.</marc:subfield>
            <marc:subfield code="4">act</marc:subfield>
          </marc:datafield>
          <marc:datafield ind1="1" ind2=" " tag="700">
            <marc:subfield code="a">Rickman, Alan.</marc:subfield>
            <marc:subfield code="4">act</marc:subfield>
          </marc:datafield>
          <marc:datafield ind1="1" ind2=" " tag="700">
            <marc:subfield code="a">Isaacs, Jason.</marc:subfield>
            <marc:subfield code="4">act</marc:subfield>
          </marc:datafield>
          <marc:datafield ind1="1" ind2=" " tag="700">
            <marc:subfield code="a">Pratt, Roger.</marc:subfield>
          </marc:datafield>
          <marc:datafield ind1="1" ind2=" " tag="700">
            <marc:subfield code="a">Doyle, Patrick,</marc:subfield>
            <marc:subfield code="d">1953-</marc:subfield>
          </marc:datafield>
          <marc:datafield ind1="1" ind2=" " tag="700">
            <marc:subfield code="a">Rowling, J. K.</marc:subfield>
            <marc:subfield code="t">Harry Potter and the goblet of fire.</marc:subfield>
          </marc:datafield>
          <marc:datafield ind1="2" ind2=" " tag="710">
            <marc:subfield code="a">Warner Bros. Pictures (1923-1967)</marc:subfield>
          </marc:datafield>
          <marc:datafield ind1="2" ind2=" " tag="710">
            <marc:subfield code="a">Warner Home Video (Firm)</marc:subfield>
          </marc:datafield>
          <marc:datafield ind1=" " ind2=" " tag="994">
            <marc:subfield code="a">C0</marc:subfield>
            <marc:subfield code="b">RRR</marc:subfield>
          </marc:datafield>
          <marc:datafield tag="931" ind1=" " ind2=" ">
            <marc:subfield code="a">Image</marc:subfield>
            <marc:subfield code="5">UIUdb</marc:subfield>
          </marc:datafield>
          <marc:datafield tag="932" ind1=" " ind2=" ">
            <marc:subfield code="a">Projected medium</marc:subfield>
            <marc:subfield code="5">UIUdb</marc:subfield>
          </marc:datafield>
          <marc:datafield tag="935" ind1=" " ind2=" ">
            <marc:subfield code="a">Monograph/Item</marc:subfield>
            <marc:subfield code="5">UIUdb</marc:subfield>
          </marc:datafield>
          <marc:datafield tag="931" ind1=" " ind2=" ">
            <marc:subfield code="a">MovingImage</marc:subfield>
            <marc:subfield code="5">UIUdb</marc:subfield>
          </marc:datafield>
          <marc:datafield tag="933" ind1=" " ind2=" ">
            <marc:subfield code="a">Video recording</marc:subfield>
            <marc:subfield code="5">UIUdb</marc:subfield>
          </marc:datafield>
          <marc:datafield tag="934" ind1=" " ind2=" ">
            <marc:subfield code="a">Videodisc</marc:subfield>
            <marc:subfield code="5">UIUdb</marc:subfield>
          </marc:datafield>
          <marc:datafield tag="941" ind1=" " ind2=" ">
            <marc:subfield code="a">eng</marc:subfield>
            <marc:subfield code="5">UIUdb</marc:subfield>
          </marc:datafield>
          <marc:datafield tag="941" ind1=" " ind2=" ">
            <marc:subfield code="a">spa</marc:subfield>
            <marc:subfield code="5">UIUdb</marc:subfield>
          </marc:datafield>
          <marc:datafield tag="943" ind1=" " ind2=" ">
            <marc:subfield code="a">English</marc:subfield>
            <marc:subfield code="5">UIUdb</marc:subfield>
          </marc:datafield>
          <marc:datafield tag="943" ind1=" " ind2=" ">
            <marc:subfield code="a">Spanish</marc:subfield>
            <marc:subfield code="5">UIUdb</marc:subfield>
          </marc:datafield>
          <marc:datafield tag="945" ind1=" " ind2=" ">
            <marc:subfield code="a">General</marc:subfield>
            <marc:subfield code="5">UIUdb</marc:subfield>
          </marc:datafield>
          <marc:datafield tag="947" ind1=" " ind2=" ">
            <marc:subfield code="a">1419827561</marc:subfield>
            <marc:subfield code="5">UIUdb</marc:subfield>
          </marc:datafield>
          <marc:datafield tag="035" ind1=" " ind2=" ">
            <marc:subfield code="a">(UIUdb)3075165</marc:subfield>
          </marc:datafield>
          <marc:datafield tag="130" ind1="0" ind2=" ">
            <marc:subfield code="a">Harry Potter and the goblet of fire</marc:subfield>
          </marc:datafield>
        </marc:record>
      </metadata>
    </record>