
    <record>
      <header>
        <identifier>oai:mst.rochester.edu:MetadataServicesToolkit/marcnormalization/54</identifier>
        <datestamp>2012-01-27T15:16:08Z</datestamp>
        <setSpec>MARCXMLbibliographic</setSpec>
      </header>
      <metadata>
        <marc:record xmlns:marc="http://www.loc.gov/MARC21/slim" xmlns:xsi="http://www.w3.org/2001/XMLSchema-instance" xsi:schemaLocation="http://www.loc.gov/MARC21/slim http://localhost:8080/OAIToolkit/schema/MARC21slim_custom.xsd">
          <marc:leader>02181cjm a2200517Ia 4500</marc:leader>
          <marc:controlfield tag="001">4601378</marc:controlfield>
          <marc:controlfield tag="005">20110727124942.0</marc:controlfield>
          <marc:controlfield tag="007">sd fzngnnmmnee</marc:controlfield>
          <marc:controlfield tag="003">UIUdb</marc:controlfield>
          <marc:controlfield tag="008">110727p19931962nyumun   hi             d</marc:controlfield>
          <marc:datafield ind1="0" ind2="1" tag="028">
            <marc:subfield code="a">SMK 47625</marc:subfield>
            <marc:subfield code="b">Sony Classical</marc:subfield>
          </marc:datafield>
          <marc:datafield ind1="1" ind2=" " tag="033">
            <marc:subfield code="a">19681024</marc:subfield>
            <marc:subfield code="a">19621002</marc:subfield>
            <marc:subfield code="a">19651012</marc:subfield>
            <marc:subfield code="b">3804</marc:subfield>
            <marc:subfield code="c">N4</marc:subfield>
          </marc:datafield>
          <marc:datafield ind1=" " ind2=" " tag="035">
            <marc:subfield code="a">2039998</marc:subfield>
          </marc:datafield>
          <marc:datafield ind1=" " ind2=" " tag="040">
            <marc:subfield code="a">NYP</marc:subfield>
            <marc:subfield code="c">NYP</marc:subfield>
            <marc:subfield code="d">ORU</marc:subfield>
          </marc:datafield>
          <marc:datafield ind1="0" ind2=" " tag="041">
            <marc:subfield code="g">enggerfreita</marc:subfield>
            <marc:subfield code="h">ger</marc:subfield>
          </marc:datafield>
          <marc:datafield ind1="1" ind2=" " tag="045">
            <marc:subfield code="b">d1897</marc:subfield>
            <marc:subfield code="b">d1913</marc:subfield>
            <marc:subfield code="b">d1905</marc:subfield>
          </marc:datafield>
          <marc:datafield ind1=" " ind2=" " tag="047">
            <marc:subfield code="a">sp</marc:subfield>
            <marc:subfield code="a">vr</marc:subfield>
            <marc:subfield code="a">pr</marc:subfield>
            <marc:subfield code="a">df</marc:subfield>
          </marc:datafield>
          <marc:datafield ind1=" " ind2=" " tag="048">
            <marc:subfield code="a">oa</marc:subfield>
          </marc:datafield>
          <marc:datafield ind1=" " ind2=" " tag="049">
            <marc:subfield code="a">RESM</marc:subfield>
          </marc:datafield>
          <marc:datafield ind1="1" ind2=" " tag="100">
            <marc:subfield code="a">Strauss, Richard,</marc:subfield>
            <marc:subfield code="d">1864-1949.</marc:subfield>
          </marc:datafield>
          <marc:datafield ind1="1" ind2="0" tag="240">
            <marc:subfield code="a">Orchestra music.</marc:subfield>
            <marc:subfield code="k">Selections</marc:subfield>
          </marc:datafield>
          <marc:datafield ind1="1" ind2="0" tag="245">
            <marc:subfield code="a">Don Quixote</marc:subfield>
            <marc:subfield code="h">[sound recording] :</marc:subfield>
            <marc:subfield code="b">op. 35 ; Festliches Praeludium : op. 61 ; Tanz der sieben Schleier : aus Salome /</marc:subfield>
            <marc:subfield code="c">Richard Strauss.</marc:subfield>
          </marc:datafield>
          <marc:datafield ind1=" " ind2=" " tag="260">
            <marc:subfield code="a">New York, NY :</marc:subfield>
            <marc:subfield code="b">Sony Classical,</marc:subfield>
            <marc:subfield code="c">p1993.</marc:subfield>
          </marc:datafield>
          <marc:datafield ind1=" " ind2=" " tag="300">
            <marc:subfield code="a">1 sound disc :</marc:subfield>
            <marc:subfield code="b">digital, stereo. ;</marc:subfield>
            <marc:subfield code="c">4 3/4 in.</marc:subfield>
          </marc:datafield>
          <marc:datafield ind1="1" ind2=" " tag="490">
            <marc:subfield code="a">The royal edition ;</marc:subfield>
            <marc:subfield code="v">no. 83</marc:subfield>
          </marc:datafield>
          <marc:datafield ind1=" " ind2=" " tag="500">
            <marc:subfield code="a">Compact disc.</marc:subfield>
          </marc:datafield>
          <marc:datafield ind1=" " ind2=" " tag="500">
            <marc:subfield code="a">Analog recordings.</marc:subfield>
          </marc:datafield>
          <marc:datafield ind1=" " ind2=" " tag="500">
            <marc:subfield code="a">Program notes by Matthias Henke in German with English, French and Italian translations ([21] p. : ill., ports.) inserted in container.</marc:subfield>
          </marc:datafield>
          <marc:datafield ind1="0" ind2=" " tag="511">
            <marc:subfield code="a">Lorne Munroe, violoncello, William Lincer, viola (1st work) ; E. Power Biggs, organ (2nd work) ; New York Philharmonic ; Leonard Bernstein, conductor.</marc:subfield>
          </marc:datafield>
          <marc:datafield ind1=" " ind2=" " tag="518">
            <marc:subfield code="a">Recorded at Avery Fisher Hall, NYC, Oct. 24, 1968 (1st work), and Oct. 2, 1962 (2nd work), and Manhattan Center, NYC, Oct. 12, 1965 (3rd work).</marc:subfield>
          </marc:datafield>
          <marc:datafield ind1=" " ind2="0" tag="650">
            <marc:subfield code="a">Symphonic poems.</marc:subfield>
          </marc:datafield>
          <marc:datafield ind1=" " ind2="0" tag="650">
            <marc:subfield code="a">Variations (Violoncello with orchestra)</marc:subfield>
          </marc:datafield>
          <marc:datafield ind1=" " ind2="0" tag="650">
            <marc:subfield code="a">Don Quixote (Fictitious character)</marc:subfield>
            <marc:subfield code="v">Songs and music.</marc:subfield>
          </marc:datafield>
          <marc:datafield ind1=" " ind2="0" tag="650">
            <marc:subfield code="a">Orchestral music.</marc:subfield>
          </marc:datafield>
          <marc:datafield ind1=" " ind2="0" tag="650">
            <marc:subfield code="a">Organ with orchestra.</marc:subfield>
          </marc:datafield>
          <marc:datafield ind1=" " ind2="0" tag="650">
            <marc:subfield code="a">Operas</marc:subfield>
            <marc:subfield code="v">Excerpts.</marc:subfield>
          </marc:datafield>
          <marc:datafield ind1="1" ind2=" " tag="700">
            <marc:subfield code="a">Bernstein, Leonard,</marc:subfield>
            <marc:subfield code="d">1918-1990</marc:subfield>
            <marc:subfield code="4">cnd</marc:subfield>
          </marc:datafield>
          <marc:datafield ind1="1" ind2=" " tag="700">
            <marc:subfield code="a">Munroe, Lorne.</marc:subfield>
            <marc:subfield code="4">prf</marc:subfield>
          </marc:datafield>
          <marc:datafield ind1="1" ind2=" " tag="700">
            <marc:subfield code="a">Lincer, William.</marc:subfield>
            <marc:subfield code="4">prf</marc:subfield>
          </marc:datafield>
          <marc:datafield ind1="1" ind2=" " tag="700">
            <marc:subfield code="a">Biggs, E. Power</marc:subfield>
            <marc:subfield code="q">(Edward Power),</marc:subfield>
            <marc:subfield code="d">1906-1977.</marc:subfield>
            <marc:subfield code="4">prf</marc:subfield>
          </marc:datafield>
          <marc:datafield ind1="1" ind2="2" tag="700">
            <marc:subfield code="a">Strauss, Richard,</marc:subfield>
            <marc:subfield code="d">1864-1949.</marc:subfield>
            <marc:subfield code="t">Don Quixote.</marc:subfield>
            <marc:subfield code="8">1\c</marc:subfield>
          </marc:datafield>
          <marc:datafield ind1="1" ind2="2" tag="700">
            <marc:subfield code="a">Strauss, Richard,</marc:subfield>
            <marc:subfield code="d">1864-1949.</marc:subfield>
            <marc:subfield code="t">Festliches Präludium.</marc:subfield>
            <marc:subfield code="8">2\c</marc:subfield>
          </marc:datafield>
          <marc:datafield ind1="1" ind2="2" tag="700">
            <marc:subfield code="a">Strauss, Richard,</marc:subfield>
            <marc:subfield code="d">1864-1949.</marc:subfield>
            <marc:subfield code="t">Salome.</marc:subfield>
            <marc:subfield code="p">Salomes Tanz.</marc:subfield>
            <marc:subfield code="8">3\c</marc:subfield>
          </marc:datafield>
          <marc:datafield ind1="2" ind2=" " tag="710">
            <marc:subfield code="a">New York Philharmonic.</marc:subfield>
            <marc:subfield code="4">prf</marc:subfield>
          </marc:datafield>
          <marc:datafield ind1=" " ind2="0" tag="830">
            <marc:subfield code="a">Royal edition ;</marc:subfield>
            <marc:subfield code="v">no. 83.</marc:subfield>
          </marc:datafield>
          <marc:datafield ind1=" " ind2=" " tag="994">
            <marc:subfield code="a">E0</marc:subfield>
            <marc:subfield code="b">RES</marc:subfield>
          </marc:datafield>
          <marc:datafield tag="931" ind1=" " ind2=" ">
            <marc:subfield code="a">Sound</marc:subfield>
            <marc:subfield code="5">UIUdb</marc:subfield>
          </marc:datafield>
          <marc:datafield tag="932" ind1=" " ind2=" ">
            <marc:subfield code="a">Musical sound recording</marc:subfield>
            <marc:subfield code="5">UIUdb</marc:subfield>
          </marc:datafield>
          <marc:datafield tag="933" ind1=" " ind2=" ">
            <marc:subfield code="a">Sound recording</marc:subfield>
            <marc:subfield code="5">UIUdb</marc:subfield>
          </marc:datafield>
          <marc:datafield tag="935" ind1=" " ind2=" ">
            <marc:subfield code="a">Monograph/Item</marc:subfield>
            <marc:subfield code="5">UIUdb</marc:subfield>
          </marc:datafield>
          <marc:datafield tag="934" ind1=" " ind2=" ">
            <marc:subfield code="a">Sound disk</marc:subfield>
            <marc:subfield code="5">UIUdb</marc:subfield>
          </marc:datafield>
          <marc:datafield tag="035" ind1=" " ind2=" ">
            <marc:subfield code="a">(UIUdb)4601378</marc:subfield>
          </marc:datafield>
          <marc:datafield tag="965" ind1=" " ind2="0">
            <marc:subfield code="a">Don Quixote (Fictitious character)</marc:subfield>
            <marc:subfield code="5">UIUdb</marc:subfield>
          </marc:datafield>
          <marc:datafield tag="965" ind1=" " ind2="0">
            <marc:subfield code="a">Operas</marc:subfield>
            <marc:subfield code="5">UIUdb</marc:subfield>
          </marc:datafield>
          <marc:datafield tag="969" ind1=" " ind2="0">
            <marc:subfield code="v">Songs and music.</marc:subfield>
            <marc:subfield code="5">UIUdb</marc:subfield>
          </marc:datafield>
          <marc:datafield tag="969" ind1=" " ind2="0">
            <marc:subfield code="v">Excerpts.</marc:subfield>
            <marc:subfield code="5">UIUdb</marc:subfield>
          </marc:datafield>
          <marc:datafield tag="959" ind1="1" ind2="2">
            <marc:subfield code="a">Strauss, Richard,</marc:subfield>
            <marc:subfield code="d">1864-1949.</marc:subfield>
            <marc:subfield code="5">UIUdb</marc:subfield>
            <marc:subfield code="8">1\c</marc:subfield>
            <marc:subfield code="8">2\c</marc:subfield>
            <marc:subfield code="8">3\c</marc:subfield>
          </marc:datafield>
        </marc:record>
      </metadata>
    </record>